@article{IESP,
  author =       {Dongarra, Jack and Beckman, Pete and Moore, Terry and Aerts,
                  Patrick and Aloisio, Giovanni and Andre, Jean-Claude and
                  Barkai, David and Berthou, Jean-Yves and Boku, Taisuke and
                  Braunschweig, Bertrand and Cappello, Franck and Chapman,
                  Barbara and Xuebin Chi and Choudhary, Alok and Dosanjh, Sudip
                  and Dunning, Thom and Fiore, Sandro and Geist, Al and Gropp,
                  Bill and Harrison, Robert and Hereld, Mark and Heroux, Michael
                  and Hoisie, Adolfy and Hotta, Koh and Zhong Jin and Ishikawa,
                  Yutaka and Johnson, Fred and Kale, Sanjay and Kenway, Richard
                  and Keyes, David and Kramer, Bill and Labarta, Jesus and
                  Lichnewsky, Alain and Lippert, Thomas and Lucas, Bob and
                  Maccabe, Barney and Matsuoka, Satoshi and Messina, Paul and
                  Michielse, Peter and Mohr, Bernd and Mueller, Matthias S. and
                  Nagel, Wolfgang E. and Nakashima, Hiroshi and Papka, Michael E
                  and Reed, Dan and Sato, Mitsuhisa and Seidel, Ed and Shalf,
                  John and Skinner, David and Snir, Marc and Sterling, Thomas
                  and Stevens, Rick and Streitz, Fred and Sugar, Bob and
                  Sumimoto, Shinji and Tang, William and Taylor, John and
                  Thakur, Rajeev and Trefethen, Anne and Valero, Mateo and Van
                  Der Steen, Aad and Vetter, Jeffrey and Williams, Peg and
                  Wisniewski, Robert and Yelick, Kathy},
  title =        {{The International Exascale Software Project roadmap}},
  journal =      {Int. J. High Perform. Comput. Appl.},
  issue_date =   {February 2011},
  volume =       {25},
  number =       {1},
  month =        feb,
  year =         {2011},
  issn =         {1094-3420},
  pages =        {3--60},
  numpages =     {58},
  url =          {http://dx.doi.org/10.1177/1094342010391989},
  doi =          {10.1177/1094342010391989},
  acmid =        {1943339},
  publisher =    {Sage Publications, Inc.},
  address =      {Thousand Oaks, CA, USA},
  keywords =     {exascale computing, high-performance computing, software
                  stack},
} 

@conference{schroeder2007understanding,
  title =        {{Understanding failures in petascale computers}},
  author =       {Schroeder, B. and Gibson, G.A.},
  booktitle =    {Journal of Physics: Conference Series},
  volume =       {78},
  pages =        {012022},
  year =         {2007},
  organization = {IOP Publishing}
}

@article{luk1988analysis,
  title =        {{An analysis of algorithm-based fault tolerance techniques}},
  author =       {Luk, F.T. and Park, H.},
  journal =      {Journal of Parallel and Distributed Computing},
  volume =       {5},
  number =       {2},
  pages =        {172--184},
  issn =         {0743-7315},
  year =         {1988},
  publisher =    {Elsevier}
}

@techreport{MPI30,
  author =       {{The MPI Forum}},
  title =        {{MPI: A Message-Passing Interface Standard, Version 3.0}},
  year =         {2012},
  source =       {http://mpi-forum.org/docs/mpi-3.0/mpi30-report.pdf},
} 

@inproceedings{europar12:cof,
  author =       {Wesley Bland and Peng Du and Aurelien Bouteiller and Thomas
                  Herault and George Bosilca and Jack Dongarra},
  title =        {A {C}heckpoint-on-{F}ailure Protocol for {A}lgorithm-{B}ased
                  {R}ecovery in Standard {MPI}},
  booktitle =    {Proceedings of Euro-Par 2012: 18th International Conference on
                  Parallel Processing},
  address =      {Rhodes Island, Greece},
  month =        {August 27-31},
  year =         {2012},
  editor =       {Christos Kaklamanis and Theodore S. Papatheodorou and Paul
                  G. Spirakis},
  publisher =    {Springer},
  series =       {Lecture Notes in Computer Science},
  volume =       {7484},
  pages =        {477-488},
  ee =           {http://dx.doi.org/10.1007/978-3-642-32820-6_48},
  bibsource =    {DBLP, http://dblp.uni-trier.de}
}

@article{ExaScaleResilience09,
  author =       {Franck Cappello and Al Geist and Bill Gropp and Laxmikant
                  V. Kal{\'e} and Bill Kramer and Marc Snir},
  title =        {{Toward Exascale Resilience}},
  journal =      {International Journal on High Performance Computing and
                  Applications},
  volume =       {23},
  number =       {4},
  year =         {2009},
  pages =        {374-388},
  bibsource =    {DBLP, http://dblp.uni-trier.de}
}

@article{Young:1974,
  author =       {Young, John W.},
  title =        {A first order approximation to the optimum checkpoint
                  interval},
  journal =      {Communication of the ACM},
  issue_date =   {Sept. 1974},
  volume =       {17},
  issue =        {9},
  month =        {September},
  year =         {1974},
  issn =         {0001-0782},
  pages =        {530--531},
  numpages =     {2},
  acmid =        {361115},
  publisher =    {ACM},
  address =      {New York, NY, USA},
  keywords =     {checkpoint, job failure, operations, programming, programming
                  checkpoint, random failure},
} 

@article{Gelenbe:1979,
  author =       {Gelenbe, Erol},
  title =        {On the Optimum Checkpoint Interval},
  journal =      {Journal of the ACM},
  volume =       {26},
  issue =        {2},
  nomonth =      {April},
  year =         {1979},
  issn =         {0004-5411},
  pages =        {259--270},
  numpages =     {12},
  acmid =        {322131},
  publisher =    {ACM},
  address =      {New York, NY, USA},
} 

@article{Plank01,
  author =       {James S. Plank and Michael G. Thomason},
  title =        {Processor Allocation and Checkpoint Interval Selection in
                  Cluster Computing Systems},
  journal =      {Journal of Parallel and Distributed Computing},
  year =         {2001},
  volume =       {61},
  pages =        {1590}
}

@article{Daly:2006,
  author =       {Daly, J. T.},
  title =        {A higher order estimate of the optimum checkpoint interval for
                  restart dumps},
  journal =      {Future Generation Computer Systems},
  volume =       {22},
  issue =        {3},
  month =        {February},
  year =         {2006},
  issn =         {0167-739X},
  pages =        {303--312},
  numpages =     {10},
  acmid =        {1134248},
  publisher =    {Elsevier Science Publishers B. V.},
  address =      {Amsterdam, The Netherlands, The Netherlands},
  keywords =     {Lambert function, Poisson failures, optimal checkpointing,
                  perturbation series},
} 

@article{PreventiveCheckpointing11,
  author =       {Franck Cappello and Henri Casanova and Yves Robert},
  title =        {{Preventive Migration vs. Preventive Checkpointing for Extreme
                  Scale Supercomputers}},
  journal =      {Parallel Processing Letters},
  novolume =     {21},
  nonumber =     {2},
  year =         {2011},
  pages =        {111-132},
  ee =           {http://dx.doi.org/10.1142/S0129626411000126},
  bibsource =    {DBLP, http://dblp.uni-trier.de}
}

@article{huang1984algorithm,
  title =        {{Algorithm-based fault tolerance for matrix operations}},
  author =       {Huang, K.H. and Abraham, J.A.},
  journal =      {IEEE Transactions on Computers},
  volume =       {100},
  number =       {6},
  pages =        {518--528},
  issn =         {0018-9340},
  year =         {1984},
  publisher =    {IEEE}
}

@conference{pengduppopp12,
  title =        {{Algorithm-based Fault Tolerance for Dense Matrix
                  Factorizations}},
  author =       {Peng Du and Aurelien Bouteiller and George Bosilca and Thomas
                  Herault and Jack Dongarra},
  booktitle =    {17th ACM SIGPLAN Symposium on Principles and Practice of
                  Parallel Programming},
  year =         {2012},
  organization = {ACM}
}

@article{fagg2000ft,
  title =        {{FT-MPI: Fault tolerant MPI, supporting dynamic applications
                  in a dynamic world}},
  author =       {Fagg, G. and Dongarra, J.},
  journal =      {Proceedings of the 7th European PVM/MPI Users' Group Meeting
                  on Recent Advances in Parallel Virtual Machine and Message
                  Passing Interface (EuroPVM/MPI)},
  nopages =      {346--353},
  year =         {2000},
  publisher =    {Springer}
}

@InProceedings{Hursey11MPI3FT,
  author =       {Joshua Hursey and Richard L. Graham and Greg Bronevetsky and
                  Darius Buntinas and Howard Pritchard and David G. Solt},
  title =        {{Run-Through Stabilization: An {MPI} Proposal for Process Fault
                  Tolerance}},
  booktitle =    {{EuroMPI} 2011: Proceedings of the 18th {EuroMPI} Conference},
  year =         2011,
  address =      {Santorini, Greece},
  month =        {September}
}

@inproceedings{DBLP:conf/pvm/BlandBHHBD12,
  author =       {Wesley Bland and Aurelien Bouteiller and Thomas H{\'e}rault
                  and Joshua Hursey and George Bosilca and Jack J. Dongarra},
  title =        {{An Evaluation of User-Level Failure Mitigation Support in MPI}},
  booktitle =    {EuroMPI},
  year =         {2012},
  pages =        {193-203},
  ee =           {http://dx.doi.org/10.1007/978-3-642-33518-1_24},
  bibsource =    {DBLP, http://dblp.uni-trier.de}
}

@article{Gropp:2004:FTM:1080704.1080714,
  author =       {Gropp, William and Lusk, Ewing},
  title =        {{Fault Tolerance in Message Passing Interface Programs}},
  journal =      {International Journal of High Performance Computing and
                  Applications},
  volume =       {18},
  issue =        {3},
  month =        {August},
  year =         {2004},
  issn =         {1094-3420},
  pages =        {363--372},
  numpages =     {10},
  doi =          {10.1177/1094342004046045},
  acmid =        {1080714},
  publisher =    {Sage Publications, Inc.},
  address =      {Thousand Oaks, CA, USA},
  keywords =     {MPI, fault tolerance, parallel computing, process management},
} 

@article{dongarra1997scalapack,
  title =        {{ScaLAPACK user's guide}},
  author =       {Dongarra, J.J. and Blackford, L.S. and Choi, J. and others},
  journal =      {Society for Industrial and Applied Mathematics, Philadelphia,
                  PA},
  year =         {1997}
}

@inproceedings{scidbwhitepaper,
  author =       {{The SciDB Development Team}},
  title =        {Overview of {SciDB}: large scale array storage, processing and
                  analysis},
  booktitle =    {Proceedings of the 2010 ACM SIGMOD International Conference on
                  Management of data},
  series =       {SIGMOD'10},
  year =         {2010},
  isbn =         {978-1-4503-0032-2},
  location =     {Indianapolis, Indiana, USA},
  pages =        {963--968},
  numpages =     {6},
  url =          {http://doi.acm.org/10.1145/1807167.1807271},
  doi =          {10.1145/1807167.1807271},
  acmid =        {1807271},
  publisher =    {ACM},
  address =      {New York, NY, USA},
  keywords =     {acm sigmod industrial proceedings scientific data management},
} 

@conference{fthpl2011,
  title =        {{High Performance Linpack Benchmark: A Fault Tolerant
                  Implementation without Checkpointing}},
  author =       {Teresa Davies and Christer Karlsson and Hui Liu and Chong Ding
                  and and Zizhong Chen},
  booktitle =    {Proceedings of the 25th ACM International Conference on
                  Supercomputing (ICS 2011)},
  year =         {2011},
  organization = {ACM}
}

@inproceedings{Chen:2005:FTH:1065944.1065973,
  author =       {Chen, Zizhong and Fagg, Graham E. and Gabriel, Edgar and
                  Langou, Julien and Angskun, Thara and Bosilca, George and
                  Dongarra, Jack},
  title =        {Fault tolerant high performance computing by a coding
                  approach},
  booktitle =    {Proceedings of the tenth ACM SIGPLAN symposium on Principles
                  and practice of parallel programming},
  series =       {PPoPP '05},
  year =         {2005},
  isbn =         {1-59593-080-9},
  location =     {Chicago, IL, USA},
  pages =        {213--223},
  numpages =     {11},
  url =          {http://doi.acm.org/10.1145/1065944.1065973},
  doi =          {http://doi.acm.org/10.1145/1065944.1065973},
  acmid =        {1065973},
  publisher =    {ACM},
  address =      {New York, NY, USA},
  keywords =     {fault tolerance, floating-point arithmetic coding, high
                  performance computing, message passing interface},
} 

@inproceedings{Shantharam:2012:FTP:2304576.2304588,
 author = {Shantharam, Manu and Srinivasmurthy, Sowmyalatha and Raghavan, Padma},
 title = {Fault tolerant preconditioned conjugate gradient for sparse linear system solution},
 booktitle = {Proceedings of the 26th ACM international conference on Supercomputing},
 series = {ICS '12},
 year = {2012},
 isbn = {978-1-4503-1316-2},
 location = {San Servolo Island, Venice, Italy},
 pages = {69--78},
 numpages = {10},
 url = {http://doi.acm.org/10.1145/2304576.2304588},
 doi = {10.1145/2304576.2304588},
 acmid = {2304588},
 publisher = {ACM},
 address = {New York, NY, USA},
 keywords = {algorithm based fault tolerance, iterative methods, soft errors, theoretical underpinning},
} 



@article{Schroeder:2007tp,
  author =       {Schroeder, Bianca and Gibson, Garth A},
  title =        {{Understanding Failures in Petascale Computers}},
  journal =      {SciDAC, Journal of Physics: Conference Series},
  year =         {2007},
  volume =       {78}
}

@InProceedings{rieker:pdpta:2006,
  author    = "Michael Rieker and Jason Ansel and Gene Cooperman",
  title     = "Transparent User-Level Checkpointing for the Native POSIX Thread Library for Linux",
  month     = "Jun",
  year      = "2006",
  booktitle = "The 2006 International Conference on Parallel and Distributed Processing Techniques and Applications",
  address   = "Las Vegas, NV",
}