%% Created using Papers on Tue, 24 Jul 2012.
%% http://mekentosj.com/papers/

@article{Patra:2009p6220,
author = {Patra, Arpita and Choudhary, Ashish and Rangan, Chandrasekharan},
title = {{Simple and efficient asynchronous byzantine agreement with optimal resilience}},
journal = {PODC '09: Proceedings of the 28th ACM symposium on Principles of distributed computing},
year = {2009}
}

@article{Cappello:2009hs,
author = {Cappello, F and Geist, A and Gropp, B and Kale, L and Kramer, B and Snir, M},
title = {{Toward Exascale Resilience}},
journal = {International Journal of High Performance Computing Applications},
year = {2009},
volume = {23},
number = {4},
pages = {374--388},
month = oct
}

@article{Scales:2010p6437,
author = {Scales, Daniel and Nelson, Mike and Venkitachalam, Ganesh},
title = {{The design of a practical system for fault-tolerant virtual machines}},
journal = {SIGOPS Operating Systems Review},
year = {2010},
volume = {44},
number = {4}
}

@article{Eisenbach:2009p6414,
author = {Eisenbach, M and Zhou, C G and Nicholson, D and Brown, G and Larkin, J and Schulthess, T},
title = {{A scalable method for ab initio computation of free energies in nanoscale systems}},
journal = {SC '09: Proceedings of the Conference on High Performance Computing Networking, Storage and Analysis},
year = {2009}
}

@article{Moody:2011vn,
author = {Moody, A and Ahn, D},
title = {{Exascale algorithms for generalized MPI{\_}comm{\_}split}},
journal = {Recent Advances in the Message {\ldots}},
year = {2011}
}

@article{Keller:2006p6409,
author = {Keller, R and Bosilca, G and Fagg, GE and Resch, M and Dongarra, Jack},
title = {{Implementation and Usage of the PERUSE-Interface in Open MPI}},
journal = {Recent Advances in Parallel Virtual Machine and Message Passing Interface},
pages = {347--355}
}

@article{Buntinas:2011wf,
author = {Buntinas, D},
title = {{Abstract - SpringerLink}},
journal = {Recent Advances in the Message Passing Interface},
year = {2011}
}

@article{Moncrieff:1996p6475,
author = {Moncrieff, D and Overill, RE and Wilson, S},
title = {{Heterogeneous computing machines and Amdahl's law}},
journal = {Parallel Computing},
volume = {22},
number = {3},
pages = {407--413}
}

@inproceedings{Du:2012je,
author = {Du, Peng and Bouteiller, Aurelien and Bosilca, George and Herault, Thomas and Dongarra, Jack},
title = {{Algorithm-based fault tolerance for dense matrix factorizations}},
booktitle = {PPoPP '12: Proceedings of the 17th ACM SIGPLAN symposium on Principles and Practice of Parallel Programming},
year = {2012},
publisher = { ACM  Request Permissions},
month = feb
}

@article{Karbowski:2008th,
author = {Karbowski, A},
title = {{Amdahl's and Gustafson-Barsis laws revisited}},
journal = {arXiv.org},
year = {2008}
}

@article{Gustafson:1988p6477,
author = {Gustafson, John L},
title = {{Reevaluating Amdah'ls Law}},
journal = {Communications of the ACM},
year = {1988},
volume = {31},
pages = {532--533},
month = may
}

@inproceedings{Gustafson:2002p6478,
author = {{Gustafson}},
title = {{The consequences of fixed time performance measurement}},
booktitle = {System Sciences, 1992. Proceedings of the Twenty-Fifth Hawaii International Conference on},
year = {1992},
pages = {113--124}
}

@article{Sun:1991p6479,
author = {Sun, XH and Gustafson, JL},
title = {{Toward a better parallel performance metric*}},
journal = {Parallel Computing},
volume = {17},
number = {10-11},
pages = {1093--1109}
}

@article{Hill:2008p6473,
author = {Hill, MD and Marty, MR},
title = {{Amdahl's law in the multicore era}},
journal = {Computer},
volume = {41},
number = {7},
pages = {33--38}
}

@article{Gustafson:2011p6480,
author = {Gustafson, JL},
title = {{The Scaled-Sized Model: A Revision of Amdahl's Law}},
journal = {Supercomputing},
volume = {88},
pages = {130--133}
}

@article{Shi:1996p6474,
author = {Shi, Y},
title = {{Reevaluating amdahl's law and gustafson's law}},
journal = {Computer Sciences Department, Temple University (MS: 38-24)}
}

@techreport{Duell:tr,
    author = {Duell, Jason},
    title = {{The Design and Implementation of Berkeley Lab's Linux
        Checkpoint/Restart}},
    year = {2002},
    number = {LBNL-54941},
    publisher = {Berkeley Lab Technical Report},
    month = dec
}



@article{Cappello:2011vl,
author = {Cappello, Franck},
title = {{Modeling and Tolerating Heterogeneous Failures in Large Parallel Systems}},
year = {2011},
pages = {1--11},
month = aug
}

@article{Cappello:2009dd,
author = {Cappello, F},
title = {{Fault Tolerance in Petascale/ Exascale Systems: Current Knowledge, Challenges and Research Opportunities}},
journal = {International Journal of High Performance Computing Applications},
year = {2009},
volume = {23},
number = {3},
pages = {212--226},
month = jul
}

@incollection{Hursey2011RTS,
author = {Hursey, Joshua and Graham, Richard and Bronevetsky, Greg and Buntinas, Darius and Pritchard, Howard and Solt, David},
title = {{Run-Through Stabilization: An MPI Proposal for Process Fault Tolerance}},
booktitle = {Lecture Notes in Computer Science},
year = {2011},
editor = {Cotronis, Yiannis and Danalis, Anthony and Nikolopoulos, Dimitrios and Dongarra, Jack},
pages = {329--332},
organization = {Oak Ridge National Laboratory, USA},
publisher = {Springer Berlin / Heidelberg},
annote = {10.1007/978-3-642-24449-0{\_}40}
}

@inproceedings{Amdahl:1967up,
author = {Amdahl, Gene M},
title = {{Validity of the single processor approach to achieving large scale computing capabilities}},
booktitle = {Proceedings of the AFIPS Spring Joint Computer Conference},
year = {1967}
}

@article{Fischer:1985tt,
author = {Fischer, MJ and Lynch, NA},
title = {{Impossibility of distributed consensus with one faulty process}},
journal = {Journal of the ACM (JACM)},
year = {1985}
}

@inproceedings{Sun:1990ep,
author = {Sun, XH},
title = {{Another view on parallel speedup}},
booktitle = {Supercomputing '90. Proceedings of},
year = {1990},
pages = {324--333}
}

@article{Huang:1984kt,
author = {Huang, Kuang-Hua and Abraham, J.A},
title = {{Algorithm-Based Fault Tolerance for Matrix Operations}},
journal = {IEEE Transactions on Computers},
year = {1984},
number = {6},
pages = {518--528}
}

@article{Wattenhofer:1997p3230,
author = {WATTENHOFER, R},
title = {{An inherent bottleneck in distributed counting}},
journal = {{\ldots} symposium on Principles of distributed {\ldots}},
year = {1997}
}

@article{Mahgoub:1998p5916,
author = {Mahgoub, I},
title = {{A novel scheme to improve fault-tolerant capabilities of multistage interconnection networks}},
journal = {Telecommunication Systems},
year = {1998}
}

@techreport{ampiJournal,
author = {Huang, Chao and Zheng, Gengbin and Kale, Laxmikant V},
title = {{Supporting Adaptivity in MPI for Dynamic Parallel Applications}},
year = {2007},
number = {07-08}
}

@article{4775906,
author = {Schroeder, B. and Gibson, G.A.},
title = {{A Large-Scale Study of Failures in High-Performance Computing Systems}},
journal = {IEEE Transactions on Dependable and Secure Computing},
year = {2010},
volume = {7},
number = {4},
pages = {337--351},
month = oct
}

@inproceedings{Kale93charm++:a,
author = {Kale, Laxmikant V and Krishnan, Sanjeev},
title = {{CHARM++: A Portable Concurrent Object Oriented System Based On C++}},
booktitle = {In Proceedings of the Conference on Object Oriented Programming Systems, Languages and Applicaions},
year = {1993},
pages = {91--108}
}

@article{Treaster:2005p5502,
author = {Treaster, M},
title = {{A survey of fault-tolerance and fault-recovery techniques in parallel systems}},
journal = {Arxiv preprint cs.DC},
year = {2005}
}

@inproceedings{10.1109/CLUSTR.2004.1392606,
author = {Zheng, Gengbin and Shi, Lixia and Kale, L V},
title = {{FTC-Charm++: an in-memory checkpoint-based fault tolerant runtime for Charm++ and MPI}},
booktitle = {Cluster Computing, 2004 IEEE International Conference on},
year = {2004},
pages = {93--103}
}

@article{Aguilera:2000p5066,
author = {Aguilera, MK and Chen, W},
title = {{Failure detection and consensus in the crash-recovery model}},
journal = {Distributed computing},
year = {2000},
volume = {13},
number = {2},
pages = {99--125}
}

@article{Plank:1999dj,
author = {Plank, J.S and Thomason, M.G},
title = {{The average availability of parallel checkpointing systems and its importance in selecting runtime parameters}},
journal = {Fault-Tolerant Computing, 1999. Digest of Papers. Twenty-Ninth Annual International Symposium on},
year = {1999},
pages = {250--257}
}

@article{Walters:wn,
author = {Walters, J},
title = {{A Comprehensive User-level Checkpointing Strategy for MPI Applications}},
journal = {Citeseer}
}

@article{Chockler:2001p6026,
author = {Chockler, GV and Keidar, I},
title = {{Group communication specifications: a comprehensive study}},
journal = {ACM Computing Surveys ( {\ldots}},
year = {2001}
}

@article{Gupta:2001wy,
author = {Gupta, I and Chandra, TD},
title = {{On scalable and efficient distributed failure detectors}},
journal = {{\ldots} on Principles of distributed {\ldots}},
year = {2001}
}

@techreport{Daly:2012vg,
author = {Daly, John and Harrod, Bill and Hoang, Thuc and Nowell, Lucy},
title = {{Inter-Agency Workshop on HPC Resilience at Extreme Scale}},
institution = {National Security Agency, Advanced Computing Systems},
year = {2012},
month = feb
}

@inproceedings{Ferreira:2011fb,
author = {Ferreira, K and Stearley, J and Laros, J.H and Oldfield, R and Pedretti, K and Brightwell, R and Riesen, R and Bridges, P.G and Arnold, D},
title = {{Evaluating the viability of process replication reliability for exascale systems}},
booktitle = {High Performance Computing, Networking, Storage and Analysis (SC), 2011 International Conference for},
year = {2011},
pages = {1--12},
publisher = { ACM  Request Permissions}
}

@article{Krishnaprasad:2001p6476,
author = {Krishnaprasad, S},
title = {{Uses and abuses of Amdahl's law}},
journal = {Journal of Computing Sciences in Colleges},
year = {2001},
volume = {17},
number = {2},
pages = {293}
}

@article{Wang:2001p6412,
author = {Wang, Fugao and Landau, D},
title = {{Efficient, Multiple-Range Random Walk Algorithm to Calculate the Density of States}},
journal = {Physical Review Letters},
year = {2001},
volume = {86},
number = {10},
pages = {2050--2053},
month = mar
}

@article{Gafni:2009p6216,
author = {Gafni, Eli and Kuznetsov, Petr},
title = {{The weakest failure detector for solving k-set agreement}},
journal = {PODC '09: Proceedings of the 28th ACM symposium on Principles of distributed computing},
year = {2009}
}

@article{Varma:2006p5463,
author = {Varma, J and Wang, C and Mueller, F and Engelmann, C},
title = {{Scalable, fault tolerant membership for mpi tasks on hpc systems}},
journal = {Proceedings of the 20th annual international {\ldots}},
year = {2006}
}

@techreport{Plank:1994wz,
author = {Plank, James S. and Beck, Micah and Kingsley, Gerry},
title = {{Libckpt: Transparent checkpointing under unix}},
year = {1994},
address = {Knoxville, TN}
}

@article{Elnozahy:2002p3769,
author = {Elnozahy, ENM and Alvisi, L and Wang, YM and Johnson, DB},
title = {{A survey of rollback-recovery protocols in message-passing systems}},
journal = {ACM Computing Surveys (CSUR)},
year = {2002},
volume = {34},
number = {3},
pages = {375--408},
month = jan
}

@article{Chakravorty:2007p5475,
author = {Chakravorty, S and Kale, L},
title = {{A fault tolerance protocol with fast fault recovery}},
journal = {{\ldots} Parallel and Distributed Processing Symposium},
year = {2007}
}

@article{Turner:2003ta,
author = {Turner, D and Oline, A and Chen, X},
title = {{Integrating new capabilities into NetPIPE}},
journal = {Recent Advances in Parallel {\ldots}},
year = {2003}
}

@article{Siebert:2011uk,
author = {Siebert, C},
title = {{Parallel sorting with minimal data}},
journal = {Recent Advances in the Message Passing Interface},
year = {2011}
}

@article{Geimer:2011wi,
author = {Geimer, M and Hermanns, MA and Siebert, C and Wolf, F},
title = {{Scaling performance tool MPI communicator management}},
journal = {Recent Advances in the {\ldots}},
year = {2011}
}

@article{Kadav:2009p6389,
author = {Kadav, Asim and Renzelmann, Matthew and Swift, Michael},
title = {{Tolerating hardware device failures in software}},
journal = {SOSP '09: Proceedings of the ACM SIGOPS 22nd symposium on Operating systems principles},
year = {2009}
}

@article{Bland:2007p216,
author = {Bland, W and Naughton, T and Vallee, G and Scott, S.L},
title = {{Design and Implementation of a Menu Based OSCAR Command Line Interface}},
journal = {High Performance Computing Systems and Applications, 2007. HPCS 2007. 21st International Symposium on},
year = {2007},
pages = {25}
}

@article{Schroeder:2007tp,
author = {Schroeder, Bianca and Gibson, Garth A},
title = {{Understanding Failures in Petascale Computers}},
journal = {SciDAC, Journal of Physics: Conference Series},
year = {2007},
volume = {78}
}

@inproceedings{BautistaGomez:2011hg,
author = {Bautista-Gomez, Leonardo and Tsuboi, Seiji and Komatitsch, Dimitri and Cappello, Franck and Maruyama, Naoya and Matsuoka, Satoshi},
title = {{FTI: High performance Fault Tolerance Interface for hybrid systems}},
booktitle = {SC '11: Proceedings of 2011 International Conference for High Performance Computing, Networking, Storage and Analysis},
year = {2011},
pages = {1--12},
publisher = { ACM  Request Permissions},
month = nov
}

@article{Bertier:2003wp,
author = {Bertier, M and Marin, O},
title = {{Performance analysis of a hierarchical failure detector}},
year = {2003}
}

@article{Angskun:2006p4036,
author = {Angskun, T and Fagg, GE and Bosilca, G and Pjesivac-Grbovic, J and Dongarra, JJ},
title = {{Self-healing network for scalable fault tolerant runtime environments}},
journal = {Proceedings of 6th Austrian-Hungarian workshop on distributed and parallel systems, Innsbruck, Austria}
}

@article{Gropp:2004ie,
author = {Gropp, William and Lusk, Ewing},
title = {{Fault Tolerance in Message Passing Interface Programs}},
journal = {International Journal of High Performance Computing Applications},
year = {2004},
volume = {18},
number = {3},
pages = {363--372},
month = aug
}

@article{Zhou:2005p6413,
author = {Zhou, Chenggang and Bhatt, R},
title = {{Understanding and improving the Wang-Landau algorithm}},
journal = {Physical Review E},
year = {2005},
volume = {72},
number = {2},
pages = {25701},
month = aug
}

@article{Hoefler:2011tl,
author = {Hoefler, T and Snir, M},
title = {{Writing Parallel Libraries with MPI - Common Practice, Issues, and Extensions}},
journal = {Recent Advances in the Message Passing Interface},
year = {2011}
}

@article{Du:2012tm,
author = {Du, Peng},
title = {{Fault Tolerance for Dense Linear Algebra Factorizations and Solvers}},
year = {2012},
pages = {1--7},
month = may
}

@techreport{Litzkow:1997wd,
author = {Litzkow, M and Tannenbaum, T and Basney, J},
title = {{Checkpoint and migration of UNIX processes in the Condor distributed processing system}},
year = {1997}
}

@article{Neiger:1988p5252,
author = {Neiger, Gil and Toueg, Sam},
title = {{Automatically increasing the fault-tolerance of distributed systems}},
journal = {PODC '88: Proceedings of the seventh annual ACM Symposium on Principles of distributed computing},
year = {1988}
}

@article{Angskun:2006p4754,
author = {Angskun, T and Fagg, GE and Bosilca, G and Pjesivac-Grbovic, J and Dongarra, JJ},
title = {{Scalable fault tolerant protocol for parallel runtime environments}},
journal = {LECTURE NOTES IN COMPUTER SCIENCE},
volume = {4192},
pages = {141}
}

@article{Bent:2009p6213,
author = {Bent, John and Gibson, Garth and Grider, Gary and Ben McClelland and Nowoczynski, Paul and Nunez, James and Polte, Milo and Wingate, Meghan},
title = {{PLFS: a checkpoint filesystem for parallel applications}},
journal = {SC '09: Proceedings of the Conference on High Performance Computing Networking, Storage and Analysis},
year = {2009}
}

@article{Chlebus:2009p6217,
author = {Chlebus, Bogdan and Kowalski, Dariusz and Strojnowski, Michal},
title = {{Fast scalable deterministic consensus for crash failures}},
journal = {PODC '09: Proceedings of the 28th ACM symposium on Principles of distributed computing},
year = {2009}
}

@article{Mhaskar:2006p4033,
author = {Mhaskar, Prashant and Gani, Adiwinata and El-Farra, Nael H and McFall, Charles and Christofides, Panagiotis D and Davis, James F},
title = {{Integrated fault-detection and fault-tolerant control of process systems}},
journal = {AIChE Journal},
year = {2006},
volume = {52},
number = {6},
pages = {2129--2148},
month = jun
}

@article{Aguilera:1997p5119,
author = {Aguilera, Marcos and Chen, W and Toueg, Sam},
title = {{Heartbeat: a timeout-free failure detector for quiescent reliable communication}},
journal = {LECTURE NOTES IN COMPUTER SCIENCE},
year = {1997}
}

@article{Bland:2012gy,
author = {Bland, Wesley},
title = {{Enabling Application Resilience with and without the MPI Standard}},
journal = {Cluster, Cloud and Grid Computing (CCGrid), 2012 12th IEEE/ACM International Symposium on},
year = {2012},
pages = {746--751}
}

@article{Deepak:1996p5068,
author = {Deepak, TC and Toueg, Sam},
title = {{Unreliable failure detectors for reliable distributed systems}},
journal = {Journal of the ACM},
volume = {34},
number = {2},
pages = {225--267}
}

@article{Danalis:2009p6390,
author = {Danalis, Anthony and Pollock, Lori and Swany, Martin and Cavazos, John},
title = {{MPI-aware compiler optimizations for improving communication-computation overlap}},
journal = {ICS '09: Proceedings of the 23rd international conference on Supercomputing},
year = {2009}
}

@article{Vallee:2007p217,
author = {Vallee, G and Naughton, T and Bland, W and Scott, S.L},
title = {{Automatic Testing Tool for OSCAR Using System-level Virtualization}},
journal = {High Performance Computing Systems and Applications, 2007. HPCS 2007. 21st International Symposium on},
year = {2007},
pages = {26}
}

@article{Li:2007p5280,
author = {LI, Z and YUAN, L and MOHAPATRA, P and CHUAH, C},
title = {{On the analysis of overlay failure detection and recovery}},
journal = {Computer Networks},
year = {2007},
volume = {51},
number = {13},
pages = {3828--3843},
month = sep
}

@article{Hilbrich:2009p6394,
author = {Hilbrich, Tobias and Supinski, Bronis and Schulz, Martin and M{\"u}ller, Matthias},
title = {{A graph based approach for MPI deadlock detection}},
journal = {ICS '09: Proceedings of the 23rd international conference on Supercomputing},
year = {2009}
}

@article{Hursey:vb,
author = {Hursey, J and Graham, R.L},
title = {{Building a Fault Tolerant MPI Application: A Ring Communication Example}},
journal = {Parallel and Distributed Processing Workshops and Phd Forum (IPDPSW), 2011 IEEE International Symposium on},
year = {2011},
pages = {1549--1556}
}

@article{Hursey:wv,
author = {Hursey, J},
title = {{Preserving Collective Performance Across Process Failure for a Fault Tolerant MPI}},
journal = {josh.hursey.me}
}

@article{Park:us,
author = {Park, BH and Naughton, TJ and Agarwal, P},
title = {{Realization of User Level Fault Tolerant Policy Management through a Holistic Approach for Fault Correlation}},
journal = {{\ldots} Networks (POLICY)}
}

@techreport{Zhong:2001tq,
author = {Zhong, Hua and Nieh, Jason},
title = {{CRAK: Linux checkpoint/restart as a kernel module}},
year = {2001},
month = nov
}

@article{Elnozahy:2004th,
author = {Elnozahy, EN},
title = {{Checkpointing for peta-scale systems: A look into the future of practical rollback-recovery}},
journal = {Dependable and Secure Computing},
year = {2004}
}

@article{Chandy:1985ip,
author = {Chandy, K Mani and Lamport, Leslie},
title = {{Distributed snapshots: determining global states of distributed systems}},
journal = {Transactions on Computer Systems (TOCS},
year = {1985},
volume = {3},
number = {1},
month = feb
}

@article{Vallee:2008p5253,
author = {Vallee, Geoffroy and Naughton, Thomas and Ong, H and Tikotekar, A},
title = {{Virtual System Environments}},
journal = {Systems and Virtualization Management: Standards and New {\ldots}},
year = {2008}
}

@article{Castain:2008dx,
author = {Castain, Ralph H. and Woodall, Timothy S. and Daniel, David J. and Squyres, Jeffrey M. and Barrett, Brian and Fagg, Graham E},
title = {{The Open Run-Time Environment (OpenRTE): A transparent multicluster environment for high-performance computing}},
journal = {Future Generation Computer Systems},
year = {2008},
volume = {24},
pages = {153--157}
}

@article{Hursey:2006p4755,
author = {Hursey, J and Squyres, JM and Lumsdaine, A},
title = {{A checkpoint and restart service specification for Open MPI}},
journal = {Indiana University, Computer Science Department, Technical Report}
}

@techreport{BougeretLAWN265,
author = {Bougeret, Marin and Casanova, Henri and Robert, Yves and Vivien, Fr{\'e}d{\'e}ric and Zaidouni, Dounia},
title = {{Using group replication for resilience on exascale systems}},
year = {2012},
month = feb
}

@article{Hurfin:1998p5206,
author = {Hurfin, M and Mostefaoui, A and Raynal, M},
title = {{Consensus in asynchronous systems where processes can crash and recover}},
journal = {PROCEEDINGS OF THE SYMPOSIUM ON RELIABLE DISTRIBUTED SYSTEMS},
pages = {280--286}
}

@article{BouteillerCCPE2010,
author = {Bouteiller, Aurelien and Bosilca, George and Dongarra, Jack},
title = {{Redesigning the message logging model for high performance}},
journal = {Concurrency and Computation: Practice and Experience},
year = {2010},
volume = {22},
number = {16},
pages = {2196--2211}
}

@article{BuntinasFGCS2008,
author = {Buntinas, Darius and Coti, Camille and Herault, Thomas and Lemarinier, Pierre and Pilard, Laurence and Rezmerita, Ala and Rodriguez, Eric and Cappello, Franck},
title = {{Blocking vs. non-blocking coordinated checkpointing for large-scale fault tolerant MPI Protocols}},
journal = {Future Generation Computer Systems},
year = {2008},
volume = {24},
number = {1},
pages = {73--84}
}

@article{Nurmi:2005uz,
author = {Nurmi, D and Brevik, J},
title = {{Modeling machine availability in enterprise and wide-area distributed computing environments}},
journal = {Euro-Par 2005 Parallel Processing},
year = {2005}
}

@article{Hursey:2009p5665,
author = {Hursey, J and Mattox, T and Lumsdaine, A},
title = {{Interconnect agnostic checkpoint/restart in open MPI}},
journal = {Proceedings of the 18th ACM international symposium {\ldots}},
year = {2009}
}

@techreport{BosilcaINRIARep7950,
author = {Bosilca, George and Bouteiller, Aurelien and Brunet, {\'E}lisabeth and Cappello, Franck and Dongarra, Jack and Guermouche, Amina and Herault, Thomas and Robert, Yves and Vivien, Fr{\'e}d{\'e}ric and Zaidouni, Dounia},
title = {{Unified Model for Assessing Checkpointing Protocols at Extreme-Scale}},
institution = {Innovative Computing Laboratory - ICL , D{\'e}partement Informatique - INF , GRAND-LARGE - INRIA Saclay - Ile de France , Joint Laboratory for Petascale Computing [Illinois] - JLPC , Laboratoire de Recherche en Informatique - LRI , ROMA - ENS Lyon / CNRS / Inria Grenoble Rh{\^o}ne-Alpes , Laboratoire de l'Informatique du Parall{\'e}lisme - LIP},
year = {2012},
month = may
}

@article{Adve:2009p6218,
author = {Adve, Sarita},
title = {{Memory models: a case for rethinking parallel languages and hardware}},
journal = {PODC '09: Proceedings of the 28th ACM symposium on Principles of distributed computing},
year = {2009}
}

@article{Gupta:2001p5065,
author = {Gupta, I and Chandra, TD and Goldszmidt, GS},
title = {{On scalable and efficient distributed failure detectors}},
journal = {Proceedings of the twentieth annual ACM symposium on Principles of distributed computing},
pages = {170--179}
}

@article{Gupta:2010p6418,
author = {Gupta, D and Lee, S and Vrable, M and Savage, S and Snoeren, AC and Varghese, G and Voelker, GM and Vahdat, A},
title = {{Difference engine: Harnessing memory redundancy in virtual machines}},
journal = {Communications of the ACM},
volume = {53},
number = {10},
pages = {85--93}
}

@article{Dwork:1988p5069,
author = {Dwork, C and Lynch, NA and Stockmeyer, L},
title = {{Consensus in the presence of partial synchrony}},
journal = {Journal of the ACM (JACM)},
volume = {35},
number = {2},
pages = {288--323}
}

@incollection{Bland:2012tw,
author = {Bland, Wesley and Du, Peng and Bouteiller, Aurelien and Herault, Thomas and Bosilca, George and Dongarra, Jack J.},
title = {{A checkpoint-on-failure protocol for algorithm-based recovery in standard MPI}},
booktitle = {18th Euro-Par},
year = {2012},
publisher = {Springer},
address = {Rhodes Island, Greece},
month = aug
}

@inproceedings{Chlebus:2009vc,
author = {Chlebus, BS and Kowalski, DR},
title = {{Locally scalable randomized consensus for synchronous crash failures}},
booktitle = {Proceedings of the twenty-first annual {\ldots}},
year = {2009}
}

@inproceedings{Liu:2007wx,
author = {Liu, Yudan and Nassar, R and Leangsuksun, C and Naksinehaboon, N and Paun, M and Scott, Stephen},
title = {{A reliability-aware approach for an optimal checkpoint/restart model in HPC environments}},
booktitle = {Cluster Computing, 2007 IEEE International Conference on},
year = {2007},
pages = {452--457}
}

@article{Hayashibara:2002p5285,
author = {Hayashibara, N and Cherif, A and Katayama, T},
title = {{Failure detectors for large-scale distributed systems}},
journal = {PROCEEDINGS OF THE SYMPOSIUM ON RELIABLE DISTRIBUTED SYSTEMS},
pages = {404--409}
}

@article{Plank:1995hv,
author = {Plank, J.S and Kim, Youngbae and Dongarra, J.J},
title = {{Algorithm-based diskless checkpointing for fault tolerant matrix operations}},
journal = {Fault-Tolerant Computing, 1995. FTCS-25. Digest of Papers., Twenty-Fifth International Symposium on},
year = {1995},
pages = {351--360}
}

@article{Chlebus:2009p6391,
author = {Chlebus, Bogdan and Kowalski, Dariusz},
title = {{Locally scalable randomized consensus for synchronous crash failures}},
journal = {SPAA '09: Proceedings of the twenty-first annual symposium on Parallelism in algorithms and architectures},
year = {2009}
}

@article{Angskun:2007p5591,
author = {Angskun, T and Bosilca, G and DONGARRA, J},
title = {{Self-Healing in Binomial Graph Networks}},
journal = {LECTURE NOTES IN COMPUTER SCIENCE},
year = {2007}
}

@article{Defago:2003p5289,
author = {Defago, X and Hayashibara, N and Katayama, T},
title = {{On the design of a failure detection service for large scale distributed systems}},
journal = {Proc. Int'l Symp. Towards Peta-Bit Ultra-Networks (PBit 2003)},
pages = {88--95}
}

@inproceedings{Naughton:2009to,
author = {Naughton, T and Bland, Wesley and Vallee, G},
title = {{Fault injection framework for system resilience evaluation: fake faults for finding future failures}},
booktitle = {Resilience},
year = {2009}
}

@article{Keller:2010p6403,
author = {Keller, Rainer and Graham, Richard},
title = {{MPI Queue Characteristics of Large-Scale Applications}},
journal = {CUG 2010},
year = {2010},
pages = {1--15}
}

@article{Fedorova:2010tk,
author = {Fedorova, A and Blagodurov, S},
title = {{Managing contention for shared resources on multicore processors}},
journal = {Communications of the {\ldots}},
year = {2010}
}

@article{Scott:2009p6407,
author = {Scott, Stephen and Engelmann, Christian and Vallee, Geoffroy and Naughton, Thomas and Tikotekar, Anand and Ostrouchov, George and Leangsuksun, Chokchai and Naksinehaboon, Nichamon and Nassar, Raja and Paun, Mihaela and Mueller, Frank and Wang, Chao and Nagarajan, Arun and Varma, Jyothish},
title = {{A tunable holistic resiliency approach for high-performance computing systems}},
journal = {PPoPP '09: Proceedings of the 14th ACM SIGPLAN symposium on Principles and practice of parallel programming},
year = {2009}
}

@article{Keller:2010we,
author = {Keller, R},
title = {{Characteristics of the unexpected message queue of MPI applications}},
journal = {Recent Advances in the Message Passing Interface},
year = {2010}
}

@article{Liang:2007p5305,
author = {Liang, Jin and Gupta, Indranil and Nahrstedt, Klara},
title = {{Reliable on-demand management operations for large-scale distributed applications}},
journal = {SIGOPS Operating Systems Review},
year = {2007},
volume = {41},
number = {5}
}

@article{Landau:2004p6411,
author = {Landau, D and Tsai, SH and Exler, M},
title = {{A new approach to Monte Carlo simulations in statistical physics: Wang-Landau sampling}},
journal = {American Journal of Physics},
volume = {72},
pages = {1294}
}

@article{Graham:2006p4756,
author = {Graham, RL and Woodall, TS and Squyres, JM},
title = {{Open MPI: A flexible high performance MPI}},
journal = {LECTURE NOTES IN COMPUTER SCIENCE},
volume = {3911},
pages = {228}
}

@article{Okabe:2006vq,
author = {Okabe, Y and Landau, DP},
title = {{Convergence and refinement of the Wang-Landau algorithm}},
journal = {Computer physics communications},
year = {2006}
}

@article{Fagg:2004wz,
author = {Fagg, Graham E},
title = {{HARNESS and FT-MPI}},
year = {2004},
pages = {1--33},
month = feb
}

@article{Renesse:2009p6219,
author = {Renesse, Robbert},
title = {{Refining the way to consensus}},
journal = {PODC '09: Proceedings of the 28th ACM symposium on Principles of distributed computing},
year = {2009}
}

@article{Fagg:2004vd,
author = {Fagg, Graham E and Gabriel, Edgar and Bosilca, George and Angskun, Thara and Chen, Zhizhong and Pjesivac-Grbovic, Jelena and London, Kevin and J Dongarra, Jack},
title = {{Extending the MPI Specification for Process Fault Tolerance on High Performance Computing Systems}},
journal = {International Conference on Supercomputing},
year = {2004},
pages = {1--33}
}

@article{Bosilca:2009wi,
author = {Bosilca, G and Delmas, R and DONGARRA, J},
title = {{Downtime | Sciverse ScienceDirect}},
journal = {{\ldots} and Distributed Computing},
year = {2009}
}

@incollection{FaggFTMPI,
author = {Fagg, Graham E and Dongarra, Jack J.},
title = {{FT-MPI: Fault Tolerant MPI, Supporting Dynamic Applications in a Dynamic World}},
booktitle = {Recent Advances in Parallel Virtual Machine and Message Passing Interface},
year = {2000},
editor = {Dongarra, Jack and Kacsuk, Peter and Podhorszki, Norbert},
pages = {346--353},
organization = {University of Tennessee Department of Computer Science 104 Ayres Hall Knoxville TN 37996-1301 USA},
publisher = {Springer Berlin / Heidelberg}
}

@article{Defago:2004p6027,
author = {Defago, X and Schiper, A and Urban, P},
title = {{Total order broadcast and multicast algorithms: Taxonomy and survey}},
journal = {ACM Computing Surveys ( {\ldots}},
year = {2004}
}

@article{Pasin:2008p5278,
author = {Pasin, M and Fontaine, S and Bouchenak, S},
title = {{Failure Detection in Large Scale Systems: a Survey}},
journal = {IEEE Network Operations and Management Symposium Workshops, 2008. NOMS Workshops 2008},
pages = {165--168}
}

@incollection{Bland:2012tp,
author = {Bland, Wesley and Bouteiller, Aurelien and Herault, Thomas and Hursey, Joshua and Bosilca, George and Dongarra, Jack J.},
title = {{An Evaluation of User-Level Failure Mitigation Support in MPI}},
booktitle = {19th EuroMPI},
year = {2012},
editor = {Tr{\"a}ff, Jesper Larsson and Benkner, Siegfried and Dongarra, Jack},
publisher = {Springer},
address = {Vienna, Austria},
month = sep
}

@inproceedings{Davies:2011ew,
author = {Davies, Teresa and Karlsson, Christer and Liu, Hui and Ding, Chong and Chen, Zizhong},
title = {{High performance linpack benchmark: a fault tolerant implementation without checkpointing}},
booktitle = {ICS '11: Proceedings of the international conference on Supercomputing},
year = {2011},
publisher = { ACM  Request Permissions},
month = may
}

@article{Reis:2005p4031,
author = {Reis, GA and Chang, J and Vachharajani, N and Rangan, R and August, DI},
title = {{SWIFT: Software implemented fault tolerance}},
journal = {Proceedings of the international symposium on Code generation and optimization},
pages = {243--254}
}

@article{Zhou:2007p5294,
author = {Zhou, J and Yang, G and Dong, L and Liu, G},
title = {{Implementation and Performance Evaluation of an Adaptable Failure Detector for Distributed System}},
journal = {Proceedings of the 2007 International Conference on Computational Intelligence and Security},
pages = {266--270}
}

@book{MPI22,
    author = {2.2, MPI Forum},
    title = {{MPI: A Message-Passing Interface Standard Version 2.2}},
    url = {http://www.mpi-forum.org/docs/mpi-2.2/mpi22-report.pdf}
}

@article{Daly:2006dy,
    author = {Daly, J T},
    title = {{A higher order estimate of the optimum checkpoint interval for
        restart dumps}},
    journal = {Future Generation Computer Systems},
    year = {2006},
    volume = {22},
    number = {3},
    pages = {303--312},
    month = feb
}

