%%%%%%%%%%%%%%%%%%%%%%%
%% NOT SORTED
%%%%%%%%%%%%%%%%%%%%%%%
@article{Daly:2006,
 author = {Daly, J. T.},
 title = {A higher order estimate of the optimum checkpoint interval for restart dumps},
 journal = {Future Gener. Comput. Syst.},
 volume = {22},
 issue = {3},
 month = {February},
 year = {2006},
 issn = {0167-739X},
 pages = {303--312},
 numpages = {10},
 acmid = {1134248},
 publisher = {Elsevier Science Publishers B. V.},
 address = {Amsterdam, The Netherlands, The Netherlands},
 keywords = {Lambert function, Poisson failures, optimal checkpointing, perturbation series},
} 

@ARTICLE{Plank01,
    author = {James S. Plank and Michael G. Thomason},
    title = {Processor Allocation and Checkpoint Interval Selection in Cluster Computing Systems},
    journal = {Journal of Parallel and Distributed Computing},
    year = {2001},
    volume = {61},
    pages = {1590}
}

@article{Young:1974,
 author = {Young, John W.},
 title = {A first order approximation to the optimum checkpoint interval},
 journal = {Commun. ACM},
 issue_date = {Sept. 1974},
 volume = {17},
 issue = {9},
 month = {September},
 year = {1974},
 issn = {0001-0782},
 pages = {530--531},
 numpages = {2},
 acmid = {361115},
 publisher = {ACM},
 address = {New York, NY, USA},
 keywords = {checkpoint, job failure, operations, programming, programming checkpoint, random failure},
} 

@article{Gelenbe:1979,
 author = {Gelenbe, Erol},
 title = {On the Optimum Checkpoint Interval},
 journal = {J. ACM},
 volume = {26},
 issue = {2},
 month = {April},
 year = {1979},
 issn = {0004-5411},
 pages = {259--270},
 numpages = {12},
 acmid = {322131},
 publisher = {ACM},
 address = {New York, NY, USA},
} 

@article{ExaScaleResilience09,
  author    = {Franck Cappello and
               Al Geist and
               Bill Gropp and
               Laxmikant V. Kal{\'e} and
               Bill Kramer and
               Marc Snir},
  title     = {Toward Exascale Resilience},
  journal   = {IJHPCA},
  volume    = {23},
  number    = {4},
  year      = {2009},
  pages     = {374-388},
  bibsource = {DBLP, http://dblp.uni-trier.de}
}

@article{PreventiveCheckpointing11,
  author    = {Franck Cappello and
               Henri Casanova and
               Yves Robert},
  title     = {Preventive Migration vs. Preventive Checkpointing for Extreme
               Scale Supercomputers},
  journal   = {Parallel Processing Letters},
  volume    = {21},
  number    = {2},
  year      = {2011},
  pages     = {111-132},
  ee        = {http://dx.doi.org/10.1142/S0129626411000126},
  bibsource = {DBLP, http://dblp.uni-trier.de}
}

@techreport{MPI22,
 author = {{The MPI Forum}},
 title = {{MPI: A Message-Passing Interface Standard, Version 2.2}},
 year = {2099},
 source = {http://mpi-forum.org/docs/mpi-2.2/mpi22-report.pdf},
} 

@inproceedings{HierarchicalCheckpoint09,
  author    = {Fatiha Bouabache and
               Thomas Herault and
               Gilles Fedak and
               Franck Cappello},
  title     = {Hierarchical Replication Techniques to Ensure Checkpoint
               Storage Reliability in Grid Environment},
  booktitle = {8th IEEE International Symposium on Cluster Computing and
               the Grid (CCGrid 2008), 19-22 May 2008, Lyon, France},
  year      = {2008},
  publisher = {IEEE Computer Society},
  pages     = {475-483},
  ee        = {http://doi.ieeecomputersociety.org/10.1109/CCGRID.2008.95},
  bibsource = {DBLP, http://dblp.uni-trier.de}
}

@article{schreiber1989storage,
	title={A storage-efficient {WY} representation for products of Householder transformations.},
	author={Schreiber, R. and Van Loan, C.},
	journal={SIAM J. Sci. Stat. Comput.},
	volume={10},
	number={1},
	pages={53--57},
	year={1989}
}

@inproceedings{bischof1985wy,
	title={The {WY} representation for products of Householder matrices},
	author={Bischof, C.H. and Van Loan, C.},
	booktitle={Selected Papers from the Second Conference on Parallel Processing for Scientific Computing},
	pages={2--13},
	year={1985},
	organization={Society for Industrial and Applied Mathematics}
}
@TechReport{lawn253,
	URL	      = "http://www.netlib.org/lapack/lawnspdf/lawn253.pdf",
	number       = 253,
	institution  = "LAPACK Working Note",
	author       = "Peng Du and Aurelien Bouteiller and George Bosilca and Thomas Herault and Jack Dongarra",
	title	      = "Algorithm-based Fault Tolerance for Dense Matrix Factorizations.",
	utknumber    = "UT-CS-11-676",
	month	      = aug,
	year	      = 2011,
}

@article{Gropp:2004:FTM:1080704.1080714,
 author = {Gropp, William and Lusk, Ewing},
 title = {Fault Tolerance in Message Passing Interface Programs},
 journal = {Int. J. High Perform. Comput. Appl.},
 volume = {18},
 issue = {3},
 month = {August},
 year = {2004},
 issn = {1094-3420},
 pages = {363--372},
 numpages = {10},
 doi = {10.1177/1094342004046045},
 acmid = {1080714},
 publisher = {Sage Publications, Inc.},
 address = {Thousand Oaks, CA, USA},
 keywords = {MPI, fault tolerance, parallel computing, process management},
} 



@String{IEEE = {Institute of Electrical and Electronics Engineers}}
@STRING{ACMTOMS = "{ACM} Transactions on Mathematical Software"}

@book{golub1996matrix,
	title={{Matrix computations}},
	author={Golub, G.H. and Van Loan, C.F.},
	isbn={0801854148},
	year={1996},
	publisher={Johns Hopkins Univ Pr}
}

@article{fagg2000ft,
	title={{FT-MPI: Fault tolerant MPI, supporting dynamic applications in a dynamic world}},
	author={Fagg, G. and Dongarra, J.},
	journal={EuroPVM/MPI},
	nopages={346--353},
	year={2000},
	publisher={Springer}
}

@conference{sabel1994simulating,
	title={{Simulating fail-stop in asynchronous distributed systems}},
	author={Sabel, L.S. and Marzullo, K.},
	booktitle={Reliable Distributed Systems, 1994. Proceedings., 13th Symposium on},
	pages={138--147},
	isbn={0818665750},
	year={1994},
	organization={IEEE}
}

@article{lezar2010gpu,
	title={{GPU-Accelerated Method of Moments by Example: Monostatic Scattering}},
	author={Lezar, E. and Davidson, D.B.},
	journal={Antennas and Propagation Magazine, IEEE},
	volume={52},
	number={6},
	pages={120--135},
	issn={1045-9243},
	year={2010},
	publisher={IEEE}
}

@article{klimkowski1993performance,
	title={{Performance evaluation of moment-method codes on an intel iPSC/860 hypercube computer}},
	author={Klimkowski, K. and Ling, H.},
	journal={Microwave and Optical Technology Letters},
	volume={6},
	number={12},
	pages={692--694},
	issn={1098-2760},
	year={1993},
	publisher={Wiley Online Library}
}


@conference{fthpl2011,
	title={{High Performance Linpack Benchmark: A Fault Tolerant Implementation without Checkpointing}},
	author={Teresa Davies and Christer Karlsson and Hui Liu and Chong Ding and and Zizhong Chen},
	booktitle={Proceedings of the 25th ACM International Conference on Supercomputing (ICS 2011)},
	organization={ACM}
}


@conference{bouteiller2008redesigning,
	title={{Redesigning the message logging model for high performance}},
	author={Bouteiller, A. and Bosilca, G. and Dongarra, J.},
	booktitle={International Supercomputer Conference (ISC 2008), Dresden, Germany (June 2008)},
	organization={Citeseer}
}

@conference{gibson2007failure,
	title={{Failure tolerance in petascale computers}},
	author={Gibson, G.},
	booktitle={Journal of Physics: Conference Series},
	volume={78},
	pages={012022},
	year={2007}
}

@conference{burns1994lam,
	title={{LAM: An open cluster environment for MPI}},
	author={Burns, G. and Daoud, R. and Vaigl, J.},
	booktitle={Proceedings of SC'94},
	volume={94},
	pages={379--386},
	year={1994}
}


@article{dongarra1997scalapack,
	title={{ScaLAPACK user's guide}},
	author={Dongarra, J.J. and Blackford, L.S. and Choi, J. and Cleary, A. and D'Azevedo, E. and Demmel, J. and Dhillon, I. and Hammarling, S. and Henry, G. and Petitet, A. and others},
	journal={Society for Industrial and Applied Mathematics, Philadelphia, PA},
	year={1997}
}

@phdthesis{lu2005scalable,
	title={{Scalable diskless checkpointing for large parallel systems}},
	author={Lu, C.},
	year={2005},
	school={Citeseer}
}

@article{choi1996scalapack,
	title={{ScaLAPACK: a portable linear algebra library for distributed memory computers--design issues and performance}},
	author={Choi, J. and Demmel, J. and Dhillon, I. and Dongarra, J. and Ostrouchov, S. and Petitet, A. and Stanley, K. and Walker, D. and Whaley, R.C.},
	journal={Computer Physics Comm.},
	volume={97},
	number={1-2},
	pages={1--15},
	issn={0010-4655},
	year={1996},
	publisher={Elsevier}
}

@book{blackford1997scalapack,
	title={{ScaLAPACK users' guide}},
	author={Blackford, L.S. and Cleary, A. and Choi, J. and D'Azevedo, E. and Demmel, J. and Dhillon, I. and Dongarra, J. and Hammarling, S. and Henry, G. and Petitet, A. and others},
	isbn={0898713978},
	year={1997},
	publisher={Society for Industrial Mathematics}
}

@phdthesis{chen2006scalable,
	title={{Scalable techniques for fault tolerant high performance computing}},
	author={Chen, Z. and Dongarra, J.J.},
	school={University of Tennessee, Knoxville, TN},
	year={2006}
}

@article{plank1997fault,
	title={{Fault-tolerant matrix operations for networks of workstations using diskless checkpointing}},
	author={Plank, J.S. and Kim, Y. and Dongarra, J.J.},
	journal={Journal of Parallel and Distributed Computing},
	volume={43},
	number={2},
	pages={125--138},
	issn={0743-7315},
	year={1997},
	publisher={Elsevier}
}

@article{huang1984algorithm,
	title={{Algorithm-based fault tolerance for matrix operations}},
	author={Huang, K.H. and Abraham, J.A.},
	journal={Computers, IEEE Transactions on},
	volume={100},
	number={6},
	pages={518--528},
	issn={0018-9340},
	year={1984},
	publisher={IEEE}
}

@conference{elnozahy1991performance,
	title={{The performance of consistent checkpointing}},
	author={Elnozahy, E.N. and Johnson, D.B. and Zwaenepoel, W.},
	booktitle={Reliable Distributed Systems, 1992. Proceedings., 11th Symposium on},
	pages={39--47},
	isbn={0818628901},
	year={1991},
	organization={IEEE}
}

@article{cappello2009fault,
	title={{Fault tolerance in petascale/exascale systems: Current knowledge, challenges and research opportunities}},
	author={Cappello, F.},
	journal={International Journal of High Performance Computing Applications},
	volume={23},
	number={3},
	pages={212},
	issn={1094-3420},
	year={2009},
	publisher={SAGE Publications}
}

@article{cappello2009toward,
	title={{Toward exascale resilience}},
	author={Cappello, F. and Geist, A. and Gropp, B. and Kale, L. and Kramer, B. and Snir, M.},
	journal={International Journal of High Performance Computing Applications},
	volume={23},
	number={4},
	pages={374},
	issn={1094-3420},
	year={2009},
	publisher={SAGE Publications}
}

@conference{schroeder2007understanding,
	title={{Understanding failures in petascale computers}},
	author={Schroeder, B. and Gibson, G.A.},
	booktitle={Journal of Physics: Conference Series},
	volume={78},
	pages={012022},
	year={2007},
	organization={IOP Publishing}
}

@conference{schroeder2009dram,
	title={{DRAM errors in the wild: a large-scale field study}},
	author={Schroeder, B. and Pinheiro, E. and Weber, W.D.},
	booktitle={Proceedings of the eleventh international joint conference on Measurement and modeling of computer systems},
	pages={193--204},
	year={2009},
	organization={ACM}
}

@conference{streitz2006simulating,
	title={{Simulating solidification in metals at high pressure: The drive to petascale computing}},
	author={Streitz, F.H. and Glosli, J.N. and Patel, M.V. and Chan, B. and Yates, R.K. and Supinski, B.R. and Sexton, J. and Gunnels, J.A.},
	booktitle={Journal of Physics: Conference Series},
	volume={46},
	pages={254},
	year={2006},
	organization={IOP Publishing}
}

@ONLINE{top-500,
	title = {http://www.top500.org/},
	year = {2011},
	url = {http://www.top500.org}
}

@ONLINE{ft-workshop-report-2009,
	title = {Fault Tolerance for Extreme-Scale Computing Workshop Report},
	year = {2009},
	url = {http://www.teragridforum.org/mediawiki/images/8/8c/FT_workshop_report.pdf}
}

@book{kumar1994introduction,
	title={{Introduction to parallel computing: design and analysis of algorithms}},
	author={Kumar, V. and Grama, A. and Gupta, A. and Karypis, G.},
	volume={400},
	year={1994},
	publisher={Benjamin/Cummings}
}

@article{plank1998diskless,
	title={{Diskless checkpointing}},
	author={Plank, J.S. and Li, K. and Puening, M.A.},
	journal={Parallel and Distributed Systems, IEEE Transactions on},
	volume={9},
	number={10},
	pages={972--986},
	issn={1045-9219},
	year={1998},
	publisher={IEEE}
}

@article{ghemawat2003google,
	title={{The Google file system}},
	author={Ghemawat, S. and Gobioff, H. and Leung, S.T.},
	journal={ACM SIGOPS Operating Systems Review},
	volume={37},
	number={5},
	pages={29--43},
	issn={0163-5980},
	year={2003},
	publisher={ACM}
}


@conference{hakkarinen2010algorithmic,
	title={{Algorithmic Cholesky factorization fault recovery}},
	author={Hakkarinen, D. and Chen, Z.},
	booktitle={Parallel \& Distributed Processing (IPDPS), 2010 IEEE International Symposium on},
	pages={1--10},
	issn={1530-2075},
	year={2010},
	organization={IEEE}
}

@article{bosilca2009algorithm,
	title={{Algorithm-based fault tolerance applied to high performance computing}},
	author={Bosilca, G. and Delmas, R. and Dongarra, J. and Langou, J.},
	journal={Journal of Parallel and Distributed Computing},
	volume={69},
	number={4},
	pages={410--416},
	issn={0743-7315},
	year={2009},
	publisher={Elsevier}
}

@article{luk1988analysis,
	title={{An analysis of algorithm-based fault tolerance techniques* 1}},
	author={Luk, F.T. and Park, H.},
	journal={Journal of Parallel and Distributed Computing},
	volume={5},
	number={2},
	pages={172--184},
	issn={0743-7315},
	year={1988},
	publisher={Elsevier}
}

@conference{chen2006algorithm,
	title={{Algorithm-based checkpoint-free fault tolerance for parallel matrix computations on volatile resources}},
	author={Chen, Z. and Dongarra, J.},
	booktitle={IPDPS'06},
	pages={10--pp},
	isbn={1424400546},
	year={2006},
	organization={IEEE}
}

@ARTICLE{chen2008algorithm,
	title={{Algorithm-based fault tolerance for fail-stop failures}},
	author={Chen, Z. and Dongarra, J.},
	journal={IEEE TPDS},
	volume={19},
	number={12},
	pages={1628--1641},
	issn={1045-9219},
	year={2008},
	publisher={IEEE}
}

@InProceedings{larsen2001,
  author = {E. S. Larsen and D. McAllister},
  title = {Fast matrix multiplies using graphics hardware},
  booktitle = {Proceedings of Supercomputing 2001},
  address = {Denver, CO},
  year = 2001
}

@misc{ati-stream,
  author = {ATI},
  title = {{ATI Stream Software Development Kit (SDK) v2.1}},
  note = {Available at: \url{http://developer.amd.com/gpu/ATIStreamSDK/Pages/default.aspx}},
  year = 2010
}

@misc{moravanszky2003,
  author = {\'{A}d\'{a}m Morav\'{a}nszky},
  title = {Dense matrix algebra on the {GPU}},
  note = {Available at: \url{http://www.shaderx2.com/shaderx.PDF}},
  year = 2003
}


@TechReport{hall2003,
  author =  {J. D. Hall and N. A. Carr and J. C. Hart},
  title = {Cache and bandwidth aware matrix multiplication on the {GPU}},
  institution =  {UIUC},
  number = {UIUCDCS-R-2003-2328},
  year = {2003}
}

@InProceedings{fatahalian2004,
  author = {Kayvon Fatahalian and Jeremy Sugerman and Pat Hanrahan},
  title = {Understanding the efficiency of {GPU} algorithms for matrix-matrix multiplication},
  booktitle = {In Graphics Hardware 2004},
  pages = {133-137},
  year = 2004
} 

@InProceedings{galoppo2005,
  author = {Nico Galoppo and Naga K. Govindaraju and Michael Henson and Dinesh Manocha},
  title = {{LU-GPU}: Efficient Algorithms for Solving Dense Linear Systems on Graphics Hardware},
  booktitle = {Proceedings of Supercomputing 2005},
  address = {Seattle, WA},
  year = 2005
}

@ARTICLE{Kruger03linearalgebra,
  author = {Jens Kr\"uger and R\"udiger Westermann},
  title = {Linear Algebra Operators for {GPU} Implementation of Numerical Algorithms},
  journal = {ACM Transactions on Graphics},
  year = {2003},
  volume = {22},
  pages = {908--916}
}

@techreport{fermi_white_paper,
  author={NVIDIA},
  title={NVIDIA's Next Generation CUDA Compute Architecture: Fermi V1.1},
  institution={NVIDIA Corporation},
  year=2009
}

@book{cuda_prog_guide_3.0,
  author={NVIDIA},
  title={{NVIDIA CUDA}\texttrademark{} Programming Guide Version 3.0},
  publisher={NVIDIA Corporation},
  month=FEB # 20,
  year=2010
}

@book{cuda_best_pract,
  author={NVIDIA},
  title={{NVIDIA CUDA}\texttrademark{} Best Practices Guide Version 3.0},
  publisher={NVIDIA Corporation},
  month=FEB # 4,
  year=2010
}

@TechReport{ieee754,
  author =       {ANSI/IEEE Standard 754-1985},
  title =        {Standard for Binary Floating Point Arithmetic},
  institution =  IEEE,
  year =         {1985} }

  @book{glsl_orangebook,
    author={Randi J. Rost and Dan Ginsburg and Bill Licea-Kane and John M. Kessenich and Barthold Lichtenbelt and Hugh Malan and Mike Weiblen},
    title={{OpenGL} Shading Language},
    publisher={Addison-Wesley Professional},
    edition={3rd},
    month={July 13},
    year=2009
  }

@book{opencl1_0_48,
  editor={Aaftab Munshi},
  title={The OpenCL Specification},
  publisher={Khronos OpenCL Working Group},
  note={Version: 1.0, Document Revision:48},
  month={October 6},
  year=2009
}

@ARTICLE{dongarra1990a,
  AUTHOR = "Jack J. Dongarra and J. Du Croz and Iain S. Duff and S. Hammarling",
  TITLE = "Algorithm 679: A Set of {L}evel 3 {B}asic {L}inear {A}lgebra
  {S}ubprograms",
  JOURNAL = ACMTOMS,
  VOLUME = "16",
  PAGES = "1-17",
  MONTH = "March",
  YEAR = "1990" }

@ARTICLE{dongarra1990b,
  AUTHOR = "Jack J. Dongarra and J. Du Croz and Iain S. Duff and S. Hammarling",
  TITLE = "A Set of {L}evel 3 {B}asic {L}inear {A}lgebra {S}ubprograms",
  JOURNAL = ACMTOMS,
  VOLUME = "16",
  PAGES = "18-28",
  MONTH = "March",
  YEAR = "1990" }

@ARTICLE{dongarra1988a,
  AUTHOR = "Jack J. Dongarra and J. Du Croz and S. Hammarling and R. Hanson",
  TITLE = "An Extended Set of {FORTRAN} {B}asic {L}inear {A}lgebra {S}ubprograms",
  JOURNAL = ACMTOMS,
  VOLUME = "14",
  PAGES = "1-17",
  MONTH = "March",
  YEAR = "1988" }

@ARTICLE{dongarra1988b,
  AUTHOR = "Jack J. Dongarra and J. Du Croz and S. Hammarling and R. Hanson",
  TITLE = "Algorithm 656: An Extended Set of {FORTRAN} {B}asic {L}inear {A}lgebra {S}ubprograms",
  JOURNAL = ACMTOMS,
  VOLUME = "14",
  PAGES = "18-32",
  MONTH = "March",
  YEAR = "1988" }

@ARTICLE{lawn27,
  AUTHOR = {Du Croz, J. and Higham, N. J.},
  TITLE = {Stability of Methods for Matrix Inversion},
  JOURNAL = {{IMA} J. Num. Anal.},
  YEAR = {1992},
  MONTH = {Jan},
  NOTE = {(LAPACK Working Note \#27)} }

@TechReport{lawn202,
  URL           = "http://www.netlib.org/lapack/lawnspdf/lawn202.pdf",
  author       = "Vasily Volkov and James W. Demmel",
  title         = "{LU}, {QR} and {Cholesky} factorizations using vector capabilities of {GPU}s",
  institution  = "EECS Department,University of California, Berkeley",
  number = {UCB/EECS-2008-49},
  month         = {May 13},
  note = "LAPACK Working Note 202",
  year          = 2008,
}

@TechReport{lawn210,
  URL           = "http://www.netlib.org/lapack/lawnspdf/lawn210.pdf",
  institution  = "LAPACK Working Note 210",
  author       = "S. Tomov and J. Dongarra and M. Baboulin",
  title         = "Towards Dense Linear Algebra for Hybrid
  {GPU} Accelerated Manycore Systems.",
  month         = oct,
  year          = 2008,
  utknumber    = "UT-CS-08-632",
}

@TechReport{lawn212,
  URL           = "http://www.netlib.org/lapack/lawnspdf/lawn212.pdf",
  institution  = "LAPACK Working Note 212",
  author       = "Yinan Li and Jack Dongarra and Stanimire Tomov",
  title         = "A Note on Auto-tuning GEMM for GPUs.",
  month         = "January 12",
  year          = 2009,
  utknumber    = "UT-CS-08-632",
}

@BOOK{anderson1999,
  AUTHOR = "E. Anderson and Z. Bai and C. Bischof and Suzan L. Blackford and
    James W. Demmel and Jack J. Dongarra and J. Du Croz and
    A. Greenbaum and S. Hammarling and A. McKenney and
    Danny C. Sorensen",
  TITLE = "{LAPACK User's Guide}",
  PUBLISHER = "Society for Industrial and Applied Mathematics",
  ADDRESS = "Philadelphia",
  EDITION = "{T}hird",
  YEAR = "1999" }

  @InProceedings{kagstrom1993,
    author =       {B. K{\aa}gstr\"om and P. Ling and Charles Van Loan},
    title =        {Portable high performance {GEMM}-based {L}evel~3 {BLAS}.},
    booktitle =    {Proceedings of the 6th SIAM Conference on Parallel Processing for Scientific Computing},
    address =      {Philadelphia},
    pages =        {339-346},
    year =         {1993}
  }

@MISC{magma02,
  key = {web},
  author = {S. Tomov and R. Nath and P. Du and J. Dongarra},
  TITLE = {{MAGMA} version 0.2 {U}ser {G}uide},
  howpublished = {http://icl.cs.utk.edu/magma},
  year={11/2009}
}

@misc{cuda-opencl-jump-start,
  key={NVIDIA},
  title={{NVIDIA OpenCL JumpStart Guide: Technical Brief}},
  note={Version 0.9},
  month={April},
  year=2009
}

@article{Shende2006,
  author={S. Shende and A. D. Malony},
  title={The {TAU} Parallel Performance System},
  journal={International Journal of High Performance Computing Applications},
  volume=20,
  number=2,
  pages={287-311},
  year=2006
}

@inproceedings{wu-bolmarcich-snir-wootton-parpia-chan-lusk-gropp:ibm-slog1,
  author={C. Eric Wu and Anthony Bolmarcich and Marc Snir and David Wootton and Farid Parpia and Anthony Chan and Ewing Lusk and William Gropp},
  title={From Trace Generation to Visualization: A Performance Framework for Distributed Parallel Systems},
  booktitle={Proceedings of SC2000: High-Performance Networking and Computing},
  month={November},
  year=2000
}

@INPROCEEDINGS{volkovdemmel08,
  AUTHOR = {Volkov, V. and Demmel, J.},
  TITLE = {Benchmarking {GPU}s to tune dense linear algebra},
  BOOKTITLE = {Supercomputing 08},
  PUBLISHER = {{IEEE}},
  YEAR = {2008} }

@misc{cublas_3.0,
  key={NVIDIA},
  title={{CUBLAS} Library},
  publisher={NVIDIA Corporation},
  note={Version PG-00000-002\_V3.0},
  month=FEB,
  year=2010
}

@misc{ATI_OpenCL,
  title={{ATI Stream Computing OpenCL Programming Guide}},
  month={June},
  year={2010},
  note={Available at: \url{http://developer.amd.com/gpu/ATIStreamSDK/assets ATI_Stream_SDK_OpenCL_Programming_Guide.pdf}},
  author={ATI},
}

@misc{FERMI_TUNE,
  title={{Tuning CUDA Applications for Fermi Version 1.0}},
  month=FEB,
  year={2010},
  note={Available at: \url{http://developer.download.nvidia.com/compute/cuda/3_0/toolkit/docs/NVIDIA_FermiTuningGuide.pdf}},
}

@misc{c2050,
  title={{Tesla c2050/c2070 GPU Computing Processor: Supercomputing at 1/10 the Cost}},
  author={NVIDIA},
  year={2010},
  note={Available at: \url{http://www.microway.com/pdfs/Tesla_C2050_C2070_Final_lores.pdf}}
}

@TechReport{lawn227,
  URL  ="http://www.netlib.org/lapack/lawnspdf/lawn227.pdf",
  number=227,
  institution="LAPACK Working Note",
  author="Rajib Nath and Stanimire Tomov and Jack Dongarra",
  title="An Improved MAGMA GEMM for Fermi GPUs.",
  month={July},
  year =2010,
  utknumber="UT-CS-10-655",
}

@misc{Nakasato,
author={Naohi Nakasato},
title={{Matrix Multiply on GPU}},
note={\url{http://galaxy.u-aizu.ac.jp/trac/note/wiki/MatrixMultiply}},
}

@inproceedings{psti-profiling,
author={Peng Du and Piotr Luszczek and Stanimire Tomov and Jack Dongarra},
title={Mixed-Tool Performance Analysis on Hybrid Multicore Architectures},
booktitle={Proceedings of the First International Workshop on Parallel Software Tools and Tool Infrastructures (PSTI 2010)},
address={San Diego, CA},
month={September 13-16},
year=2010
}

@techreport{mcuda2008,
author={J. Stratton and S. Stone and W. mei Hwu},
title={{MCUDA}: An efficient implementation of {CUDA} kernels on multi-cores},
institution={University of Illinois at Urbana-Champaign},
number={IMPACT-08-01},
month=MAR,
note={\url{http://www.gigascale.org/pubs/1278.html}},
year=2008 }

@techreport{Papadopoulou2009,
author={M.M. Papadopoulou and M. Sadooghi-Alvandi and H. Wong},
title={Micro-benchmarking the {GT200} {GPU}},
institution={Computer Group, ECE, University of Toronto},
year={2009}
}

@book{ptx1p4,
author={NVIDIA},
title={{NVIDIA} Compute {PTX}: Parallel Thread Execution},
edition={1st},
publisher={NVIDIA Corporation},
address={Santa Clara, California},
month=Oct,
year=2008
}

@inproceedings{ocelotptx,
author={Andrew Kerr and Gregory Diamos and Sudhakar Yalamanchili},
title={A characterization and analysis of PTX kernels},
booktitle={Proceedings of 2009 IEEE International Symposium on Workload Characterization (IISWC)},
pages={3-12},
year=2009 }

@ARTICLE{atlas_autotune,
AUTHOR         = "R. Clint Whaley and Antoine Petitet and Jack J. Dongarra",
TITLE          = "Automated Empirical Optimization of Software and the {ATLAS} Project",
JOURNAL        = "Parallel Computing",
VOLUME         = "27",
NUMBER         = "1--2",
PAGES          = "3--35",
YEAR           = 2001}

@article{Dongarra:05,
  author = {James Demmel and Jack Dongarra and Viktor Eijkhout and Erika Fuentes and Antoine Petitet and Richard Vuduc and R. Clint Whaley and Katherine Yelick},
  date-added = {2009-02-26 18:20:30 -0500},
  date-modified = {2010-03-16 09:12:44 -0400},
  doi = {http://dx.doi.org/10.1109/JPROC.2004.840848},
  journal = {Proc.~IEEE},
  month = {February},
  number = {2},
  pages = {293--312},
  title = {Self-adapting linear algebra algorithms and software},
  volume = {93},
  year = {2005} }

@inproceedings{bilmes97optimizing,
 author = {Jeff Bilmes and Krste Asanovic and Chee-Whye Chin and Jim Demmel},
 title = {Optimizing matrix multiply using PHiPAC: a portable, high-performance, ANSI C coding methodology},
 booktitle = {ICS '97: Proceedings of the 11th international conference on Supercomputing},
 year = {1997},
 isbn = {0-89791-902-5},
 pages = {340--347},
 location = {Vienna, Austria},
 doi = {http://doi.acm.org/10.1145/263580.263662},
 publisher = {ACM},
 address = {New York, NY, USA},
 }

@incollection {auto09yinan,
   author = {Yinan Li and Jack Dongarra and Stanimire Tomov},
   affiliation = {University of Tennessee USA},
   title = {A Note on Auto-tuning {GEMM} for {GPU}s},
   booktitle = {Computational Science – ICCS 2009},
   series = {Lecture Notes in Computer Science},
   publisher = {Springer Berlin / Heidelberg},
   pages = {884-892},
   volume = {5544},
   year = {2009}
}

@inproceedings{nath10,
   author= {Rajib Nath and Stanimire Tomov and Jack J. Dongarra},
   title = {Accelerating {GPU} Kernels for Dense Linear Algebra},
   booktitle = {Proceedings of VECPAR'10},
   address = {Berkeley, CA},
   month={June 22-25},
   year=2010
}
 

@article{wolfe08,
   author= {Michael Wolfe},
   title = {Special-purpose hardware and algorithms for accelerating dense linear algebra},
   journal= {HPC Wire},
   month=10,
   note = {\url{http://www.hpcwire.com/features/33607434.html}},
   year=2008
}

@article{Weber,
  author = {Rick Weber and Akila Gothandaraman and Robert J. Hinde and Gregory D. Peterson},
  title = {Comparing Hardware Accelerators in Scientific Applications: A Case Study},
  journal ={IEEE Transactions on Parallel and Distributed Systems},
  volume = {99},
  number = {RapidPosts},
  issn = {1045-9219},
  year = {2010},
  doi = {http://doi.ieeecomputersociety.org/10.1109/TPDS.2010.125},
  publisher = {IEEE Computer Society},
  address = {Los Alamitos, CA, USA},
}

@inproceedings{Aminian:2006:CCM:1898699.1898845,
 author = {Aminian, Mehdi and Akbari, Mohammad K. and Javadi, Bahman},
  title = {Coordinated checkpoint from message payload in pessimistic sender-based message logging},
   booktitle = {Proceedings of the 20th international conference on Parallel and distributed processing},
    series = {IPDPS'06},
	 year = {2006},
	  isbn = {1-4244-0054-6},
	   location = {Rhodes Island, Greece},
	    pages = {312--312},
		 numpages = {1},
		  url = {http://portal.acm.org/citation.cfm?id=1898699.1898845},
		   acmid = {1898845},
		    publisher = {IEEE Computer Society},
			 address = {Washington, DC, USA},
} 

@InProceedings{BLHBC04,
  author =       {Aur\'elien Bouteiller and Hinde-Lilia Bouziane and Pierre Lemarinier and Thomas Herault and Franck Cappello},
  title =        {Hybrid Preemptive Scheduling of {MPI} applications on the {Grids}},
  booktitle =    {5th IEEE/ACM International Workshop on Grid Computing (Grid 2004)},
  OPTpage =      {},
  year =         {2004},
  month =        {November},
  address =      {Pittsburgh USA},
  publisher =    {IEEE CS Press / ACM}
}

@inproceedings{BBLHC06,
  author = {Aur\'elien Bouteiller and Hinde-Lilia Bouziane and Pierre Lemarinier and Thomas Herault and Franck Cappello},
  title = {Hybrid Preemptive Scheduling of Message Passing Interface Applications on Grids}, 
  journal = {International Journal of High Performance Computing Applications}, 
  year = {2006},
  month = {Spring},
  volume = {20},
  pages = {77--90},
  publisher = {SAGE Publications}   
}

@InProceedings{SC02,
  author = 	 {George Bosilca and Aur\'elien Bouteiller and Franck Cappello and Samir Djilali and Gilles F\'edak and C\'ecile Germain and Thomas H\'erault and Pierre Lemarinier and Oleg Lodygensky and Fr\'ed\'eric Magniette and Vincent N\'eri and Anton Selikhov},
  title = 	 {{MPICH-V}: Toward a Scalable Fault Tolerant {MPI} for Volatile Nodes},
  booktitle = {High Performance Networking and Computing (SC2002)},
  year = 	 {2002},
  address = 	 {Baltimore USA},
  month = 	 {November},
  publisher = "IEEE/ACM"
}

@InProceedings{SC03,
  author = 	 {Aur\'elien Bouteiller and Franck Cappello and Thomas H\'erault and G\'eraud Krawezik and Pierre Lemarinier and Fr\'ed\'eric Magniette},
  title = 	 {{MPICH-V2}: a Fault Tolerant {MPI} for Volatile Nodes based on Pessimistic Sender Based Message Logging},
  booktitle = {High Performance Networking and Computing (SC2003)},
  year = 	 {2003},
  month = 	 {November},
  organization = {Phoenix USA},
  publisher= "IEEE/ACM"
}

@InProceedings{SC03Poster,
  author = 	 {Aur\'elien Bouteiller and Pierre Lemarinier and Franck Cappello},
  title = 	 {{MPICH-V3} preview: A hierarchical fault tolerant {MPI} for Multi-Cluster Grids},
  year = 	 {2003},
  booktitle = {IEEE/ACM High Performance Networking and Computing (SC 2003), poster session},
  address = 	 {Phoenix USA},
  month = 	 {November},
}

@InProceedings{BLKC03,
  author =       {Aur\'elien Bouteiller and Pierre Lemarinier and G\'eraud Krawezik and Franck Cappello},
  title =        {Coordinated checkpoint versus message log for fault tolerant {MPI}},
  booktitle = {IEEE International Conference on Cluster Computing},
  OPTpages =     {242-250},
  year =      {2003},
  month =     {December},
  publisher = {IEEE CS Press},
}

@Article{BLKC04,
  author =       {Aur\'elien Bouteiller and Pierre Lemarinier and G\'eraud Krawezik and Franck Cappello},
  title =        {Coordinated checkpoint versus message log for fault tolerant {MPI}},
  journal =      {International Journal of High Performance Computing and Networking (IJHPCN)},
  year =         {2004},
  OPTvolume =    {},
  number =    {3},
  OPTpages =     {},
  OPTmonth =     {September}
}

@InProceedings{BHLKC04,
  author =       {Pierre Lemarinier and Aur\'elien Bouteiller and Thomas Herault and  G\'eraud Krawezik and Franck Cappello},
  title =        "Improved Message logging versus Improved Coordinated Checkpointing for Fault Tolerant {MPI}",
  booktitle = {IEEE International Conference on Cluster Computing},
  publisher = {IEEE CS Press},
  year = "2004"
}

@inproceedings{1054444,
 author = {Aurelien Bouteiller and Boris Collin and Thomas Herault and Pierre Lemarinier and Franck Cappello},
 title = {Impact of Event Logger on Causal Message Logging Protocols for Fault Tolerant {MPI}},
 booktitle = {IPDPS '05: Proceedings of the 19th IEEE International Parallel and Distributed Processing Symposium (IPDPS'05) - Papers},
 year = {2005},
 isbn = {0-7695-2312-9},
 pages = {97},
 doi = {http://dx.doi.org/10.1109/IPDPS.2005.249},
 publisher = {IEEE Computer Society},
 address = {Washington, DC, USA}
 }
 
@inproceedings{BHKLC06,
  author = {Aurelien Bouteiller and Thomas Herault and Geraud Krawezik and Pierre Lemarinier and Franck Cappello},
  title = {{MPICH-V} Project: a Multiprotocol Automatic Fault Tolerant {MPI}},
  journal = {The International Journal of High Performance Computing Applications}, 
  year = {2006},
  month = {Summer},
  volume = {20},
  pages = {319--333},
  publisher = {SAGE Publications}
}

@phdthesis{B06,
  author = {Aurelien Bouteiller},
  title = {Tolérance automatique aux défaillances par points de reprise et retour en arrière dans les systèmes hautes performances à passage de messages},
  year = {2006},
  month = {October},
  school = {Université de Paris-Sud XI},
  order_no = {8449},
  publisher = {Imprimerie nationale},
  address = {Orsay, France}
}


@INPROCEEDINGS{Gao07group-basedcoordinated,
    author = {Qi Gao and Wei Huang and Matthew J. Koop and Dhabaleswar K. Panda},
    title = {Group-based coordinated checkpointing for mpi: A case study on infiniband},
    booktitle = {Parallel Processing, 2007. ICPP 2007. International Conference on},
    year = {2007}
}

@InProceedings{CL85,
  author = 	 {K. M. Chandy and L. Lamport},
  title = 	 {Distributed Snapshots : Determining Global States of Distributed Systems},
  booktitle = 	 {Transactions on Computer Systems},
  pages = 	 {63-75},
  year = 	 {1985},
  volume = 	 {3(1)},
  month = 	 {February},
  publisher = "ACM"
}


@InProceedings{AM95,
  author = 	 {L. Alvisi and K. Marzullo},
  title = 	 {Message Logging : Pessimistic, Optimistic, and Causal},
  booktitle = {Proceedings of the 15th International Conference on Distributed Computing Systems (ICDCS 1995)},
  pages = 	 {229-236},
  year = 	 {1995},
  month = "May-June",
  publisher = "IEEE CS Press"
  }
    
@inproceedings{RAV98,
      author = "Sriram Rao and Lorenzo Alvisi and Harrick M. Vin",
      title = "The Cost of Recovery in Message Logging Protocols",
      booktitle = "17th Symposium on Reliable Distributed Systems (SRDS)",
      pages = "10-18",
      year = "1998",
      month = "October",
      publisher = "IEEE CS Press"
}

@InProceedings{AERHM99,
    author = 	 {L. Alvisi and E. Elnozahy and S. Rao and S. A. Husain and A. D. Mel},
    title = 	 {An Analysis of Communication Induced Checkpointing},
    booktitle = {29th Symposium on Fault-Tolerant Computing (FTCS'99)},
    year = 	 {1999},
    month = 	 {june},
    publisher = "IEEE CS Press"
}

@article{HMR99,
   author = {Jean-Michel Hélary and Achour Mostefaoui and Michel Raynal},
   title = {Communication-Induced Determination  of Consistent Snapshots},
   journal = {IEEE Transactions on Parallel and Distributed Systems},
   volume = {10},
   number = {9},
   year = {1999},
   issn = {1045-9219},
   pages = {865--877},
   doi = {http://dx.doi.org/10.1109/71.798312},
   publisher = {IEEE Press},
   address = {Piscataway, NJ, USA}
}

@InProceedings{cluster09,
  author = 	 {Aurelien Bouteiller and Thomas Ropars and George Bosilca and Christine Morin and Jack Dongarra},
  title = 	 {Reasons to be Pessimist or Optimist for Failure Recovery in High Performance Clusters},
  booktitle = {Proceedings of the 2009 IEEE Cluster Conference},
  year = 	 {2009},
  editor = 	 {IEEE},
  noaddress =  {New Orleans, Louisiana, USA},
  month = 	 {Sept.},
}

@inproceedings{DBLP:conf/pvm/BosilcaBHLD10,
  author    = {George Bosilca and
               Aurelien Bouteiller and
               Thomas Herault and
               Pierre Lemarinier and
               Jack J. Dongarra},
  title     = {Dodging the Cost of Unavoidable Memory Copies in Message
               Logging Protocols},
  booktitle = {EuroMPI},
  year      = {2010},
  pages     = {189-197},
  ee        = {http://dx.doi.org/10.1007/978-3-642-15646-5_20},
  crossref  = {DBLP:conf/pvm/2010},
  bibsource = {DBLP, http://dblp.uni-trier.de}
}

@proceedings{DBLP:conf/pvm/2010,
  editor    = {Rainer Keller and
               Edgar Gabriel and
               Michael M. Resch and
               Jack Dongarra},
  title     = {Recent Advances in the Message Passing Interface - 17th
               European MPI Users' Group Meeting, EuroMPI 2010, Stuttgart,
               Germany, September 12-15, 2010. Proceedings},
  booktitle = {EuroMPI},
  publisher = {Springer},
  series    = {Lecture Notes in Computer Science},
  volume    = {6305},
  year      = {2010},
  isbn      = {978-3-642-15645-8},
  ee        = {http://dx.doi.org/10.1007/978-3-642-15646-5},
  bibsource = {DBLP, http://dblp.uni-trier.de}
}



@inproceedings{BBD08, 
	author = "Aurelien Bouteiller and George Bosilca and Jack Dongarra",
	title = "Redesigning the Message Logging Model for High Performance",
	booktitle = {Proceedings of the International Supercomputer Conference (ISC 2008)},
	journal = {Concurrency and Computation, Practice and Experience},
	address = {Dresden, Germany},
	publisher = {Wiley},
	pages = {to appear},
	month = {June},
	year = {2008}
}

@inproceedings{MPI93,
 author = {{The MPI Forum}},
 title = {{MPI}: a Message Passing Interface},
 booktitle = {Supercomputing '93: Proceedings of the 1993 ACM/IEEE conference on Supercomputing},
 year = {1993},
 isbn = {0-8186-4340-4},
 pages = {878--883},
 location = {Portland, Oregon, United States},
 doi = {http://doi.acm.org/10.1145/169627.169855},
 publisher = {ACM Press},
 address = {New York, NY, USA}
}

@InProceedings{gabriel04:_open_mpi,
  author       = {Edgar Gabriel and Graham E. Fagg and George Bosilca
                  and Thara Angskun and Jack J. Dongarra and Jeffrey
                  M. Squyres and Vishal Sahay and Prabhanjan Kambadur
                  and Brian Barrett and Andrew Lumsdaine and Ralph
                  H. Castain and David J. Daniel and Richard L. Graham
                  and Timothy S. Woodall },
  title        = {Open {MPI}: Goals, Concept, and Design of a Next
                  Generation {MPI} Implementation},
  booktitle    = {Proceedings, 11th European PVM/MPI Users' Group
                  Meeting},
  year         = 2004,
  address      = {Budapest, Hungary},
  pages        = {97--104},
  month        = {September}
}

@article{359563,
  author =       {Leslie Lamport},
 title = {Time, clocks, and the ordering of events in a distributed system},
 journal = {Communications of the ACM},
 volume = {21},
 number = {7},
 year = {1978},
 issn = {0001-0782},
 pages = {558--565},
 doi = {http://doi.acm.org/10.1145/359545.359563},
 publisher = {ACM Press},
 address = {New York, NY, USA}
}

@article{IESP,
author = {Dongarra, J. and Beckman, P. and et al.}, 
title = {The International Exascale Software Roadmap},
journal = {Intl. Journal of High Performance Computer Applications}, 
volume = {25},
number = {11},
year = {2011},
issn = {1094-3420},
publisher = {Sage Publication},
pages = {to appear}
}

@INPROCEEDINGS{ho08scalable,
 author    = {Justin C. Y. Ho and Cho-Li Wang and Francis C. M. Lau},
 title     = {{Scalable Group-based Checkpoint/Restart for
               Large-Scale Message-Passing Systems}},
 booktitle = {Proceedings of the 22nd IEEE International Symposium
              on Parallel and Distributed Processing (IPDPS)},
 publisher = {IEEE},
 year      = {2008},
 pages     = {1-12},
 ee        = {http://dx.doi.org/10.1109/IPDPS.2008.4536302},}


@inproceedings{meneses10teamML,
 author = {Esteban Meneses, Celso L. Mendes and Laxmikant V. Kal\'{e}},
 title = {Team-based Message Logging: Preliminary Results},
 booktitle = {3rd Workshop on Resiliency in High Performance Computing (Resilience) in Clusters, Clouds, and Grids (CCGRID 2010).},
 year = {2010},
 month = {May},
 location = {Melbourne, Victoria, Australia}
}

@inproceedings{Kale93charm++,
author = {Kale, Laxmikant V and Krishnan, Sanjeev},
title = {{CHARM++: A Portable Concurrent Object Oriented System Based On C++}},
booktitle = {In Proceedings of the Conference on Object Oriented Programming Systems, Languages and Applicaions},
year = {1993},
pages = {91--108}
}

@techreport{AMPIFlash10,
  author	= "Stas Negara and Kuo-Chuan Pan and Gengbin Zheng and Natasha Negara and Ralph E. Johnson and Laxmikant V. Kale and Paul M. Ricker",
  title		= "{Automatic MPI to AMPI Program Transformation}",
  year		= "2010",
  month		= "March",
  number	= "10-09",
  institution	= "Parallel Programming Laboratory"
}

@article{MPICHVblocking,
title = "Blocking vs. non-blocking coordinated checkpointing for large-scale fault tolerant {MPI} Protocols",
journal = "Future Generation Computer Systems",
volume = "24",
number = "1",
pages = "73 - 84",
year = "2008",
note = "",
issn = "0167-739X",
doi = "DOI: 10.1016/j.future.2007.02.002",
url = "http://www.sciencedirect.com/science/article/B6V06-4N2KT6H-1/2/00e790651475028977cc3031d9ea3980",
author = "Darius Buntinas and Camille Coti and Thomas Herault and Pierre Lemarinier and Laurence Pilard and Ala Rezmerita and Eric Rodriguez and Franck Cappello",
keywords = "Fault tolerant MPI",
keywords = "Performance evaluation",
keywords = "Coordinated checkpointing",
keywords = "Rollback/Recovery",
keywords = "Large-scale"
}

@PHDTHESIS{ plank93phdthesis,
 author    = {J. S. Plank},
 title     = {{Efficient Checkpointing on MIMD Architectures}},
 school    = {{Princeton University}},
 year      = {1993},
 month     = {jun},
 url       =
{http://www.cs.utk.edu/~plank/plank/papers/thesis.html},}

@article{Bouteiller10Redesign,
  author    = {Aurelien Bouteiller and
               George Bosilca and
               Jack Dongarra},
  title     = {Redesigning the message logging model for high performance},
  journal   = {Concurrency and Computation: Practice and Experience},
  volume    = {22},
  number    = {16},
  year      = {2010},
  pages     = {2196-2211},
  ee        = {http://dx.doi.org/10.1002/cpe.1589},
  bibsource = {DBLP, http://dblp.uni-trier.de}
}

@InProceedings{Hursey11MPI3FT,
  author =   {Joshua Hursey and Richard L. Graham and Greg Bronevetsky and Darius Buntinas and Howard Pritchard and David G. Solt},
  title =    {Run-Through Stabilization: An {MPI} Proposal for Process Fault Tolerance},
  booktitle =    {{EuroMPI} 2011: Proceedings of the 18th {EuroMPI} Conference},
  year =         2011,
  address =      {Santorini, Greece},
  month =        {September}
}

@InProceedings{Hursey11LogConsensus,
  author =   {Joshua Hursey and Thomas Naughton and Geoffroy Vallee and Richard L. Graham},
  title =    {A Log-Scaling Fault Tolerant Agreement Algorithm for a Fault Tolerant {MPI}},
  booktitle =    {{EuroMPI} 2011: Proceedings of the 18th {EuroMPI} Conference},
  year =         2011,
  address =      {Santorini, Greece},
  month =        {September}
}

@inproceedings{HeienModellingHPCFailures,
 author = {Heien, Eric and Kondo, Derrick and Gainaru, Ana and LaPine, Dan and Kramer, Bill and Cappello, Franck},
 title = {Modeling and tolerating heterogeneous failures in large parallel systems},
 booktitle = {Proceedings of 2011 International Conference for High Performance Computing, Networking, Storage and Analysis},
 series = {SC '11},
 year = {2011},
 isbn = {978-1-4503-0771-0},
 location = {Seattle, Washington},
 pages = {45:1--45:11},
 articleno = {45},
 numpages = {11},
 url = {http://doi.acm.org/10.1145/2063384.2063444},
 doi = {http://doi.acm.org/10.1145/2063384.2063444},
 acmid = {2063444},
 publisher = {ACM},
 address = {New York, NY, USA},
} 

@inproceedings{ZhengFTC,
author = {Zheng, Gengbin and Shi, Lixia and Kale, L V},
title = {{FTC-Charm++: an in-memory checkpoint-based fault tolerant runtime for Charm++ and MPI}},
booktitle = {Cluster Computing, 2004 IEEE International Conference on},
year = {2004},
pages = {93--103}
}

@techreport{ampiJournal,
author = {Huang, Chao and Zheng, Gengbin and Kale, Laxmikant V},
title = {{Supporting Adaptivity in MPI for Dynamic Parallel Applications}},
year = {2007},
number = {07-08}
}

@article{Castain:2008dx,
author = {Castain, Ralph H. and Woodall, Timothy S. and Daniel, David J. and Squyres, Jeffrey M. and Barrett, Brian and Fagg, Graham E},
title = {{The Open Run-Time Environment (OpenRTE): A transparent multicluster environment for high-performance computing}},
journal = {Future Generation Computer Systems},
year = {2008},
volume = {24},
pages = {153--157}
}

@article{FLP85,
author = {Fischer, MJ and Lynch, NA},
title = {{Impossibility of distributed consensus with one faulty process}},
journal = {Journal of the ACM (JACM)},
year = {1985}
}

@article{Hursey:vb,
author = {Hursey, J and Graham, R.L},
title = {{Building a Fault Tolerant MPI Application: A Ring Communication Example}},
journal = {Parallel and Distributed Processing Workshops and Phd Forum (IPDPSW), 2011 IEEE International Symposium on},
year = {2011},
pages = {1549--1556}
}

