%%%%%%%%%%%%%%%%%%%%%%%
%% NOT SORTED
%%%%%%%%%%%%%%%%%%%%%%%

@article{Dongarra:1990wl,
author = {Dongarra, Jack J. and Du Croz, Jeremy and Hammarling, Sven and Duff, Iain},
title = {{A Set of Level 3 Basic Linear Algebra Subprograms}},
journal = {ACM Transactions on Mathematical Software},
year = {1990},
volume = {16},
pages = {1--17},
month = mar
}

@techreport{Choi:1995:PSP:898829,
 author = {Choi, J. and Dongarra, J. and Ostrouchov, S. and Petitet, A. and Walker, D.},
 title = {A Proposal for a Set of Parallel Basic Linear Algebra Subprograms},
 year = {1995},
 source = {http://www.ncstrl.org:8900/ncstrl/servlet/search?formname=detail\&id=oai%3Ancstrlh%3Autk_cs%3Ancstrl.utk_cs%2F%2FUT-CS-95-292},
 publisher = {University of Tennessee},
 address = {Knoxville, TN, USA},
}

@INPROCEEDINGS{1493932,
author={Bright, A.A. and Ellavsky, M.R. and Gara, A. and Haring, R.A. and Kopcsay, G.V. and Lembach, R.F. and Marcella, J.A. and Ohmacht, M. and Salapura, V.},
booktitle={Solid-State Circuits Conference, Digest of Technical Papers (ISSCC)}, 
title={Creating the BlueGene/L supercomputer from low-power SoC ASICs},
year={2005},
month={feb.},
volume={1},
number={},
pages={188--189},
publisher={IEEE},
keywords={BlueGene/L chip;BlueGene/L supercomputer;communication subsystems;high-density system packaging;low-power SoC ASIC;memory;processors;integrated circuit design;integrated memory circuits;low-power electronics;parallel machines;system-on-chip;},
doi={10.1109/ISSCC.2005.1493932},
ISSN={0193-6530},}


@conference{pengduppopp12,
    noAuthor = {Peng Du and Aurelien Bouteiller and George Bosilca and Thomas Herault and Jack Dongarra},
	Author = {Peng Du and Aurelien Bouteiller and others},
	noBooktitle = {17th ACM SIGPLAN Symposium on Principles and Practice of Parallel Programming},
	Booktitle = {17th SIGPLAN PPoPP},
	Pages = {225--234},
	Organization = {ACM},
	Title = {Algorithm-based Fault Tolerance for Dense Matrix Factorizations},
	Year = {2012}}

@article{Daly:2006,
 author = {Daly, J. T.},
 title = {A higher order estimate of the optimum checkpoint interval for restart dumps},
 journal = {Future Gener. Comput. Syst.},
 volume = {22},
 issue = {3},
 month = {February},
 year = {2006},
 issn = {0167-739X},
 pages = {303--312},
 numpages = {10},
 acmid = {1134248},
 publisher = {Elsevier Science Publishers B. V.},
 address = {Amsterdam, The Netherlands, The Netherlands},
 keywords = {Lambert function, Poisson failures, optimal checkpointing, perturbation series},
} 

@ARTICLE{Plank01,
    author = {James S. Plank and Michael G. Thomason},
    title = {Processor Allocation and Checkpoint Interval Selection in Cluster Computing Systems},
    journal = {JPDC},
    year = {2001},
    volume = {61},
    pages = {1590}
}

@article{Young:1974,
 author = {Young, John W.},
 title = {A first order approximation to the optimum checkpoint interval},
 journal = {Commun. ACM},
 issue_date = {Sept. 1974},
 volume = {17},
 issue = {9},
 month = {September},
 year = {1974},
 issn = {0001-0782},
 pages = {530--531},
 numpages = {2},
 acmid = {361115},
 publisher = {ACM},
 address = {New York, NY, USA},
 keywords = {checkpoint, job failure, operations, programming, programming checkpoint, random failure},
} 

@article{Gelenbe:1979,
 author = {Gelenbe, Erol},
 title = {On the Optimum Checkpoint Interval},
 journal = {JoACM},
 volume = {26},
 issue = {2},
 nomonth = {April},
 year = {1979},
 issn = {0004-5411},
 pages = {259--270},
 numpages = {12},
 acmid = {322131},
 publisher = {ACM},
 address = {New York, NY, USA},
} 

@article{ExaScaleResilience09,
  author    = {Franck Cappello and
               Al Geist and
               Bill Gropp and
               Laxmikant V. Kal{\'e} and
               Bill Kramer and
               Marc Snir},
  title     = {Toward Exascale Resilience},
  journal   = {IJHPCA},
  volume    = {23},
  number    = {4},
  year      = {2009},
  pages     = {374-388},
  bibsource = {DBLP, http://dblp.uni-trier.de}
}

@article{PreventiveCheckpointing11,
  author    = {Franck Cappello and
               Henri Casanova and
               Yves Robert},
  title     = {Preventive Migration vs. Preventive Checkpointing for Extreme
               Scale Supercomputers},
  journal   = {PPL 21:2},
  novolume    = {21},
  nonumber    = {2},
  year      = {2011},
  pages     = {111-132},
  ee        = {http://dx.doi.org/10.1142/S0129626411000126},
  bibsource = {DBLP, http://dblp.uni-trier.de}
}

@techreport{MPI22,
 author = {{The MPI Forum}},
 title = {{MPI: A Message-Passing Interface Standard, Version 2.2}},
 year = {2009},
 source = {http://mpi-forum.org/docs/mpi-2.2/mpi22-report.pdf},
} 

@techreport{MPI30,
 author = {{The MPI Forum}},
 title = {{MPI: A Message-Passing Interface Standard, Version 3.0}},
 year = {2012},
 source = {http://mpi-forum.org/docs/mpi-3.0/mpi30-report.pdf},
} 

@inproceedings{HierarchicalCheckpoint09,
  author    = {Fatiha Bouabache and
               Thomas Herault and
               Gilles Fedak and
               Franck Cappello},
  title     = {Hierarchical Replication Techniques to Ensure Checkpoint
               Storage Reliability in Grid Environment},
  booktitle = {8th IEEE International Symposium on Cluster Computing and
               the Grid (CCGrid 2008)},
  year      = {2008},
  publisher = {IEEE Computer Society},
  pages     = {475-483},
  ee        = {http://doi.ieeecomputersociety.org/10.1109/CCGRID.2008.95},
  bibsource = {DBLP, http://dblp.uni-trier.de}
}

@article{schreiber1989storage,
	title={A storage-efficient {WY} representation for products of Householder transformations.},
	author={Schreiber, R. and Van Loan, C.},
	journal={SIAM JSSC},
	volume={10},
	number={1},
	pages={53--57},
	year={1989}
}

@inproceedings{bischof1985wy,
	title={The {WY} representation for products of {H}ouseholder matrices},
	author={Bischof, C.H. and Van Loan, C.},
	booktitle={Selected Papers from the Second Conference on Parallel Processing for Scientific Computing},
	pages={2--13},
	year={1985},
	organization={SIAM}
}

@TechReport{lawn253,
	noURL	      = "http://www.netlib.org/lapack/lawnspdf/lawn253.pdf",
	number       = 253,
	institution  = "LAWN",
	author       = "Peng Du and Aurelien Bouteiller and George Bosilca and Thomas Herault and Jack Dongarra",
	title	      = "Algorithm-based Fault Tolerance for Dense Matrix Factorizations.",
	utknumber    = "UT-CS-11-676",
	month	      = aug,
	year	      = 2011,
}

@article{Gropp:2004:FTM:1080704.1080714,
 author = {Gropp, William and Lusk, Ewing},
 title = {Fault Tolerance in Message Passing Interface Programs},
 journal = {Int. J. High Perform. Comput. Appl.},
 volume = {18},
 issue = {3},
 month = {August},
 year = {2004},
 issn = {1094-3420},
 pages = {363--372},
 numpages = {10},
 doi = {10.1177/1094342004046045},
 acmid = {1080714},
 publisher = {Sage Publications, Inc.},
 address = {Thousand Oaks, CA, USA},
 keywords = {MPI, fault tolerance, parallel computing, process management},
} 



@String{IEEE = {Institute of Electrical and Electronics Engineers}}
@STRING{ACMTOMS = "{ACM} Transactions on Mathematical Software"}

@book{golub1996matrix,
	title={{Matrix computations}},
	author={Golub, G.H. and Van Loan, C.F.},
	isbn={0801854148},
	year={1996},
	publisher={Johns Hopkins Univ Pr}
}

@article{FaggFTMPI,
	title={{FT-MPI: Fault tolerant MPI, supporting dynamic applications in a dynamic world}},
	author={Fagg, G. and Dongarra, J.},
	journal={EuroPVM/MPI},
	nopages={346--353},
	year={2000},
	publisher={Springer}
}

@conference{sabel1994simulating,
	title={{Simulating fail-stop in asynchronous distributed systems}},
	author={Sabel, L.S. and Marzullo, K.},
	booktitle={Reliable Distributed Systems, 1994. Proceedings., 13th Symposium on},
	pages={138--147},
	isbn={0818665750},
	year={1994},
	organization={IEEE}
}

@article{lezar2010gpu,
	title={{GPU-Accelerated Method of Moments by Example: Monostatic Scattering}},
	author={Lezar, E. and Davidson, D.B.},
	journal={Antennas and Propagation Magazine, IEEE},
	volume={52},
	number={6},
	pages={120--135},
	issn={1045-9243},
	year={2010},
	publisher={IEEE}
}

@article{klimkowski1993performance,
	title={{Performance evaluation of moment-method codes on an intel iPSC/860 hypercube computer}},
	author={Klimkowski, K. and Ling, H.},
	journal={Microwave and Optical Technology Letters},
	volume={6},
	number={12},
	pages={692--694},
	issn={1098-2760},
	year={1993},
	publisher={Wiley Online Library}
}

@inproceedings{Chen:2005:FTH:1065944.1065973,
 author = {Chen, Zizhong and Fagg, Graham E. and Gabriel, Edgar and Langou, Julien and Angskun, Thara and Bosilca, George and Dongarra, Jack},
 title = {Fault tolerant high performance computing by a coding approach},
 booktitle = {Proceedings of the tenth ACM SIGPLAN symposium on Principles and practice of parallel programming},
 series = {PPoPP '05},
 year = {2005},
 isbn = {1-59593-080-9},
 location = {Chicago, IL, USA},
 pages = {213--223},
 numpages = {11},
 url = {http://doi.acm.org/10.1145/1065944.1065973},
 doi = {http://doi.acm.org/10.1145/1065944.1065973},
 acmid = {1065973},
 publisher = {ACM},
 address = {New York, NY, USA},
 keywords = {fault tolerance, floating-point arithmetic coding, high performance computing, message passing interface},
} 


@conference{fthpl2011,
	title={{High Performance Linpack Benchmark: A Fault Tolerant Implementation without Checkpointing}},
	author={Teresa Davies and Christer Karlsson and Hui Liu and Chong Ding and and Zizhong Chen},
	booktitle={Proceedings of the 25th ACM International Conference on Supercomputing (ICS 2011)},
	organization={ACM}
}


@conference{bouteiller2008redesigning,
	title={{Redesigning the message logging model for high performance}},
	author={Bouteiller, A. and Bosilca, G. and Dongarra, J.},
	booktitle={International Supercomputer Conference (ISC 2008), Dresden, Germany (June 2008)},
	organization={Citeseer}
}

@conference{gibson2007failure,
	title={{Failure tolerance in petascale computers}},
	author={Gibson, G.},
	booktitle={Journal of Physics: Conference Series},
	volume={78},
	pages={012022},
	year={2007}
}

@conference{burns1994lam,
	title={{LAM: An open cluster environment for MPI}},
	author={Burns, G. and Daoud, R. and Vaigl, J.},
	booktitle={Proceedings of SC'94},
	volume={94},
	pages={379--386},
	year={1994}
}


@article{dongarra1997scalapack,
	title={{ScaLAPACK user's guide}},
	author={Dongarra, J.J. and Blackford, L.S. and Choi, J. and others},
	journal={Society for Industrial and Applied Mathematics, Philadelphia, PA},
	year={1997}
}

@phdthesis{lu2005scalable,
	title={{Scalable diskless checkpointing for large parallel systems}},
	author={Lu, C.},
	year={2005},
	school={Citeseer}
}

@article{choi1996scalapack,
	title={{ScaLAPACK: a portable linear algebra library for distributed memory computers--design issues and performance}},
	author={Choi, J. and Demmel, J. and Dhillon, I. and Dongarra, J. and Ostrouchov, S. and Petitet, A. and Stanley, K. and Walker, D. and Whaley, R.C.},
	journal={Computer Physics Comm.},
	volume={97},
	number={1-2},
	pages={1--15},
	issn={0010-4655},
	year={1996},
	publisher={Elsevier}
}

@book{blackford1997scalapack,
	title={{ScaLAPACK users' guide}},
	author={Blackford, L.S. and Cleary, A. and Choi, J. and D'Azevedo, E. and Demmel, J. and Dhillon, I. and Dongarra, J. and Hammarling, S. and Henry, G. and Petitet, A. and others},
	isbn={0898713978},
	year={1997},
	publisher={Society for Industrial Mathematics}
}

@phdthesis{chen2006scalable,
	title={{Scalable techniques for fault tolerant high performance computing}},
	author={Chen, Z. and Dongarra, J.J.},
	school={University of Tennessee, Knoxville, TN},
	year={2006}
}

@article{plank1997fault,
	title={{Fault-tolerant matrix operations for networks of workstations using diskless checkpointing}},
	author={Plank, J.S. and Kim, Y. and Dongarra, J.J.},
	journal={Journal of Parallel and Distributed Computing},
	volume={43},
	number={2},
	pages={125--138},
	issn={0743-7315},
	year={1997},
	publisher={Elsevier}
}

@article{huang1984algorithm,
	title={{Algorithm-based fault tolerance for matrix operations}},
	author={Huang, K.H. and Abraham, J.A.},
	journal={Computers, IEEE Transactions on},
	volume={100},
	number={6},
	pages={518--528},
	issn={0018-9340},
	year={1984},
	publisher={IEEE}
}

@conference{elnozahy1991performance,
	title={{The performance of consistent checkpointing}},
	author={Elnozahy, E.N. and Johnson, D.B. and Zwaenepoel, W.},
	booktitle={Reliable Distributed Systems, 1992. Proceedings., 11th Symposium on},
	pages={39--47},
	isbn={0818628901},
	year={1991},
	organization={IEEE}
}

@article{cappello2009fault,
	title={{Fault tolerance in petascale/exascale systems: Current knowledge, challenges and research opportunities}},
	author={Cappello, F.},
	journal={International Journal of High Performance Computing Applications},
	volume={23},
	number={3},
	pages={212},
	issn={1094-3420},
	year={2009},
	publisher={SAGE Publications}
}

@article{cappello2009toward,
	title={{Toward exascale resilience}},
	author={Cappello, F. and Geist, A. and Gropp, B. and Kale, L. and Kramer, B. and Snir, M.},
	journal={International Journal of High Performance Computing Applications},
	volume={23},
	number={4},
	pages={374},
	issn={1094-3420},
	year={2009},
	publisher={SAGE Publications}
}

@conference{schroeder2007understanding,
	title={{Understanding failures in petascale computers}},
	author={Schroeder, B. and Gibson, G.A.},
	booktitle={Journal of Physics: Conference Series},
	volume={78},
	pages={012022},
	year={2007},
	organization={IOP Publishing}
}

@conference{schroeder2009dram,
	title={{DRAM errors in the wild: a large-scale field study}},
	author={Schroeder, B. and Pinheiro, E. and Weber, W.D.},
	booktitle={Proceedings of the eleventh international joint conference on Measurement and modeling of computer systems},
	pages={193--204},
	year={2009},
	organization={ACM}
}

@conference{streitz2006simulating,
	title={{Simulating solidification in metals at high pressure: The drive to petascale computing}},
	author={Streitz, F.H. and Glosli, J.N. and Patel, M.V. and Chan, B. and Yates, R.K. and Supinski, B.R. and Sexton, J. and Gunnels, J.A.},
	booktitle={Journal of Physics: Conference Series},
	volume={46},
	pages={254},
	year={2006},
	organization={IOP Publishing}
}

@ONLINE{top-500,
	title = {http://www.top500.org/},
	year = {2011},
	url = {http://www.top500.org}
}

@ONLINE{ft-workshop-report-2009,
	title = {Fault Tolerance for Extreme-Scale Computing Workshop Report},
	year = {2009},
	url = {http://www.teragridforum.org/mediawiki/images/8/8c/FT_workshop_report.pdf}
}

@book{kumar1994introduction,
	title={{Introduction to parallel computing: design and analysis of algorithms}},
	author={Kumar, V. and Grama, A. and Gupta, A. and Karypis, G.},
	volume={400},
	year={1994},
	publisher={Benjamin/Cummings}
}

@article{plank1998diskless,
	title={{Diskless checkpointing}},
	author={Plank, J.S. and Li, K. and Puening, M.A.},
	journal={Parallel and Distributed Systems, IEEE Transactions on},
	volume={9},
	number={10},
	pages={972--986},
	issn={1045-9219},
	year={1998},
	publisher={IEEE}
}

@article{ghemawat2003google,
	title={{The Google file system}},
	author={Ghemawat, S. and Gobioff, H. and Leung, S.T.},
	journal={ACM SIGOPS Operating Systems Review},
	volume={37},
	number={5},
	pages={29--43},
	issn={0163-5980},
	year={2003},
	publisher={ACM}
}


@conference{hakkarinen2010algorithmic,
	title={{Algorithmic Cholesky factorization fault recovery}},
	author={Hakkarinen, D. and Chen, Z.},
	booktitle={Parallel \& Distributed Processing (IPDPS), 2010 IEEE International Symposium on},
	pages={1--10},
	issn={1530-2075},
	year={2010},
	organization={IEEE}
}

@article{bosilca2009algorithm,
	title={{Algorithm-based fault tolerance applied to high performance computing}},
	author={Bosilca, G. and Delmas, R. and Dongarra, J. and Langou, J.},
	journal={Journal of Parallel and Distributed Computing},
	volume={69},
	number={4},
	pages={410--416},
	issn={0743-7315},
	year={2009},
	publisher={Elsevier}
}

@article{luk1988analysis,
	title={{An analysis of algorithm-based fault tolerance techniques}},
	author={Luk, F.T. and Park, H.},
	journal={Journal of Parallel and Distributed Computing},
	volume={5},
	number={2},
	pages={172--184},
	issn={0743-7315},
	year={1988},
	publisher={Elsevier}
}

@conference{chen2006algorithm,
	title={{Algorithm-based checkpoint-free fault tolerance for parallel matrix computations on volatile resources}},
	author={Chen, Z. and Dongarra, J.},
	booktitle={IPDPS'06},
	pages={10--pp},
	isbn={1424400546},
	year={2006},
	organization={IEEE}
}

@ARTICLE{chen2008algorithm,
	title={{Algorithm-based fault tolerance for fail-stop failures}},
	author={Chen, Z. and Dongarra, J.},
	journal={IEEE TPDS},
	volume={19},
	number={12},
	pages={1628--1641},
	issn={1045-9219},
	year={2008},
	publisher={IEEE}
}

@InProceedings{larsen2001,
  author = {E. S. Larsen and D. McAllister},
  title = {Fast matrix multiplies using graphics hardware},
  booktitle = {Proceedings of Supercomputing 2001},
  address = {Denver, CO},
  year = 2001
}

@misc{ati-stream,
  author = {ATI},
  title = {{ATI Stream Software Development Kit (SDK) v2.1}},
  note = {Available at: \url{http://developer.amd.com/gpu/ATIStreamSDK/Pages/default.aspx}},
  year = 2010
}

@misc{moravanszky2003,
  author = {\'{A}d\'{a}m Morav\'{a}nszky},
  title = {Dense matrix algebra on the {GPU}},
  note = {Available at: \url{http://www.shaderx2.com/shaderx.PDF}},
  year = 2003
}


@TechReport{hall2003,
  author =  {J. D. Hall and N. A. Carr and J. C. Hart},
  title = {Cache and bandwidth aware matrix multiplication on the {GPU}},
  institution =  {UIUC},
  number = {UIUCDCS-R-2003-2328},
  year = {2003}
}

@InProceedings{fatahalian2004,
  author = {Kayvon Fatahalian and Jeremy Sugerman and Pat Hanrahan},
  title = {Understanding the efficiency of {GPU} algorithms for matrix-matrix multiplication},
  booktitle = {In Graphics Hardware 2004},
  pages = {133-137},
  year = 2004
} 

@InProceedings{galoppo2005,
  author = {Nico Galoppo and Naga K. Govindaraju and Michael Henson and Dinesh Manocha},
  title = {{LU-GPU}: Efficient Algorithms for Solving Dense Linear Systems on Graphics Hardware},
  booktitle = {Proceedings of Supercomputing 2005},
  address = {Seattle, WA},
  year = 2005
}


 @inproceedings{Kale,
  author    = {Sayantan Chakravorty and
               Celso L. Mendes and
               Laxmikant V. Kal{\'e}},
  title     = {Proactive Fault Tolerance in MPI Applications Via Task Migration},
  booktitle = {{HiPC 2006}, the IEEE High performance Computing Conference},
  year      = {2006},
  pages     = {485-496},
  publisher = {IEEE  Computer Society Press}
}

@inproceedings{1413414,
 author = {Wang, Chao and Mueller, Frank and Engelmann, Christian and Scott, Stephen L.},
 title = {Proactive process-level live migration in HPC environments},
 booktitle = {SC '08: Proceedings of the 2008 ACM/IEEE conference on Supercomputing},
 year = {2008},
 isbn = {978-1-4244-2835-9},
 pages = {1--12},
 location = {Austin, Texas},
 publisher = {IEEE Press},
 address = {Piscataway, NJ, USA},
 }



@ARTICLE{Kruger03linearalgebra,
  author = {Jens Kr\"uger and R\"udiger Westermann},
  title = {Linear Algebra Operators for {GPU} Implementation of Numerical Algorithms},
  journal = {ACM Transactions on Graphics},
  year = {2003},
  volume = {22},
  pages = {908--916}
}

@techreport{fermi_white_paper,
  author={NVIDIA},
  title={NVIDIA's Next Generation CUDA Compute Architecture: Fermi V1.1},
  institution={NVIDIA Corporation},
  year=2009
}

@book{cuda_prog_guide_3.0,
  author={NVIDIA},
  title={{NVIDIA CUDA}\texttrademark{} Programming Guide Version 3.0},
  publisher={NVIDIA Corporation},
  month=FEB # 20,
  year=2010
}

@book{cuda_best_pract,
  author={NVIDIA},
  title={{NVIDIA CUDA}\texttrademark{} Best Practices Guide Version 3.0},
  publisher={NVIDIA Corporation},
  month=FEB # 4,
  year=2010
}

@TechReport{ieee754,
  author =       {ANSI/IEEE Standard 754-1985},
  title =        {Standard for Binary Floating Point Arithmetic},
  institution =  IEEE,
  year =         {1985} }

  @book{glsl_orangebook,
    author={Randi J. Rost and Dan Ginsburg and Bill Licea-Kane and John M. Kessenich and Barthold Lichtenbelt and Hugh Malan and Mike Weiblen},
    title={{OpenGL} Shading Language},
    publisher={Addison-Wesley Professional},
    edition={3rd},
    month={July 13},
    year=2009
  }

@book{opencl1_0_48,
  editor={Aaftab Munshi},
  title={The OpenCL Specification},
  publisher={Khronos OpenCL Working Group},
  note={Version: 1.0, Document Revision:48},
  month={October 6},
  year=2009
}

@ARTICLE{dongarra1990a,
  AUTHOR = "Jack J. Dongarra and J. Du Croz and Iain S. Duff and S. Hammarling",
  TITLE = "Algorithm 679: A Set of {L}evel 3 {B}asic {L}inear {A}lgebra
  {S}ubprograms",
  JOURNAL = ACMTOMS,
  VOLUME = "16",
  PAGES = "1-17",
  MONTH = "March",
  YEAR = "1990" }

@ARTICLE{dongarra1990b,
  AUTHOR = "Jack J. Dongarra and J. Du Croz and Iain S. Duff and S. Hammarling",
  TITLE = "A Set of {L}evel 3 {B}asic {L}inear {A}lgebra {S}ubprograms",
  JOURNAL = ACMTOMS,
  VOLUME = "16",
  PAGES = "18-28",
  MONTH = "March",
  YEAR = "1990" }

@ARTICLE{dongarra1988a,
  AUTHOR = "Jack J. Dongarra and J. Du Croz and S. Hammarling and R. Hanson",
  TITLE = "An Extended Set of {FORTRAN} {B}asic {L}inear {A}lgebra {S}ubprograms",
  JOURNAL = ACMTOMS,
  VOLUME = "14",
  PAGES = "1-17",
  MONTH = "March",
  YEAR = "1988" }

@ARTICLE{dongarra1988b,
  AUTHOR = "Jack J. Dongarra and J. Du Croz and S. Hammarling and R. Hanson",
  TITLE = "Algorithm 656: An Extended Set of {FORTRAN} {B}asic {L}inear {A}lgebra {S}ubprograms",
  JOURNAL = ACMTOMS,
  VOLUME = "14",
  PAGES = "18-32",
  MONTH = "March",
  YEAR = "1988" }

@ARTICLE{lawn27,
  AUTHOR = {Du Croz, J. and Higham, N. J.},
  TITLE = {Stability of Methods for Matrix Inversion},
  JOURNAL = {{IMA} J. Num. Anal.},
  YEAR = {1992},
  MONTH = {Jan},
  NOTE = {(LAPACK Working Note \#27)} }

@TechReport{lawn202,
  URL           = "http://www.netlib.org/lapack/lawnspdf/lawn202.pdf",
  author       = "Vasily Volkov and James W. Demmel",
  title         = "{LU}, {QR} and {Cholesky} factorizations using vector capabilities of {GPU}s",
  institution  = "EECS Department,University of California, Berkeley",
  number = {UCB/EECS-2008-49},
  month         = {May 13},
  note = "LAPACK Working Note 202",
  year          = 2008,
}

@TechReport{lawn210,
  URL           = "http://www.netlib.org/lapack/lawnspdf/lawn210.pdf",
  institution  = "LAPACK Working Note 210",
  author       = "S. Tomov and J. Dongarra and M. Baboulin",
  title         = "Towards Dense Linear Algebra for Hybrid
  {GPU} Accelerated Manycore Systems.",
  month         = oct,
  year          = 2008,
  utknumber    = "UT-CS-08-632",
}

@TechReport{lawn212,
  URL           = "http://www.netlib.org/lapack/lawnspdf/lawn212.pdf",
  institution  = "LAPACK Working Note 212",
  author       = "Yinan Li and Jack Dongarra and Stanimire Tomov",
  title         = "A Note on Auto-tuning GEMM for GPUs.",
  month         = "January 12",
  year          = 2009,
  utknumber    = "UT-CS-08-632",
}

@BOOK{anderson1999,
  AUTHOR = "E. Anderson and Z. Bai and C. Bischof and Suzan L. Blackford and
    James W. Demmel and Jack J. Dongarra and J. Du Croz and
    A. Greenbaum and S. Hammarling and A. McKenney and
    Danny C. Sorensen",
  TITLE = "{LAPACK User's Guide}",
  PUBLISHER = "Society for Industrial and Applied Mathematics",
  ADDRESS = "Philadelphia",
  EDITION = "{T}hird",
  YEAR = "1999" }

  @InProceedings{kagstrom1993,
    author =       {B. K{\aa}gstr\"om and P. Ling and Charles Van Loan},
    title =        {Portable high performance {GEMM}-based {L}evel~3 {BLAS}.},
    booktitle =    {Proceedings of the 6th SIAM Conference on Parallel Processing
      for Scientific Computing},
    address =      {Philadelphia},
    pages =        {339-346},
    year =         {1993}
  }

@MISC{magma02,
  key = {web},
  author = {S. Tomov and R. Nath and P. Du and J. Dongarra},
  TITLE = {{MAGMA} version 0.2 {U}ser {G}uide},
  howpublished = {http://icl.cs.utk.edu/magma},
  year={11/2009}
}

@misc{cuda-opencl-jump-start,
  key={NVIDIA},
  title={{NVIDIA OpenCL JumpStart Guide: Technical Brief}},
  note={Version 0.9},
  month={April},
  year=2009
}

@article{Shende2006,
  author={S. Shende and A. D. Malony},
  title={The {TAU} Parallel Performance System},
  journal={International Journal of High Performance Computing Applications},
  volume=20,
  number=2,
  pages={287-311},
  year=2006
}

@inproceedings{wu-bolmarcich-snir-wootton-parpia-chan-lusk-gropp:ibm-slog1,
  author={C. Eric Wu and Anthony Bolmarcich and Marc Snir and David Wootton and Farid Parpia and Anthony Chan and Ewing Lusk and William Gropp},
  title={From Trace Generation to Visualization: A Performance Framework for Distributed Parallel Systems},
  booktitle={Proceedings of SC2000: High-Performance Networking and Computing},
  month={November},
  year=2000
}

@INPROCEEDINGS{volkovdemmel08,
  AUTHOR = {Volkov, V. and Demmel, J.},
  TITLE = {Benchmarking {GPU}s to tune dense linear algebra},
  BOOKTITLE = {Supercomputing 08},
  PUBLISHER = {{IEEE}},
  YEAR = {2008} }

@misc{cublas_3.0,
  key={NVIDIA},
  title={{CUBLAS} Library},
  publisher={NVIDIA Corporation},
  note={Version PG-00000-002\_V3.0},
  month=FEB,
  year=2010
}

@misc{ATI_OpenCL,
  title={{ATI Stream Computing OpenCL Programming Guide}},
  month={June},
  year={2010},
  note={Available at: \url{http://developer.amd.com/gpu/ATIStreamSDK/assets/ATI_Stream_SDK_OpenCL_Programming_Guide.pdf}},
  author={ATI},
}

@misc{FERMI_TUNE,
  title={{Tuning CUDA Applications for Fermi Version 1.0}},
  month=FEB,
  year={2010},
  note={Available at: \url{http://developer.download.nvidia.com/compute/cuda/3_0/toolkit/docs/NVIDIA_FermiTuningGuide.pdf}},
}

@misc{c2050,
  title={{Tesla c2050/c2070 GPU Computing Processor: Supercomputing at 1/10 the Cost}},
  author={NVIDIA},
  year={2010},
  note={Available at: \url{http://www.microway.com/pdfs/Tesla_C2050_C2070_Final_lores.pdf}}
}

@TechReport{lawn227,
  URL  ="http://www.netlib.org/lapack/lawnspdf/lawn227.pdf",
  number=227,
  institution="LAPACK Working Note",
  author="Rajib Nath and Stanimire Tomov and Jack Dongarra",
  title="An Improved MAGMA GEMM for Fermi GPUs.",
  month={July},
  year =2010,
  utknumber="UT-CS-10-655",
}

@misc{Nakasato,
author={Naohi Nakasato},
title={{Matrix Multiply on GPU}},
note={\url{http://galaxy.u-aizu.ac.jp/trac/note/wiki/MatrixMultiply}},
}

@inproceedings{psti-profiling,
author={Peng Du and Piotr Luszczek and Stanimire Tomov and Jack Dongarra},
title={Mixed-Tool Performance Analysis on Hybrid Multicore Architectures},
booktitle={Proceedings of the First International Workshop on Parallel Software Tools and Tool Infrastructures (PSTI 2010)},
address={San Diego, CA},
month={September 13-16},
year=2010
}

@techreport{mcuda2008,
author={J. Stratton and S. Stone and W. mei Hwu},
title={{MCUDA}: An efficient implementation of {CUDA} kernels on multi-cores},
institution={University of Illinois at Urbana-Champaign},
number={IMPACT-08-01},
month=MAR,
note={\url{http://www.gigascale.org/pubs/1278.html}},
year=2008 }

@techreport{Papadopoulou2009,
author={M.M. Papadopoulou and M. Sadooghi-Alvandi and H. Wong},
title={Micro-benchmarking the {GT200} {GPU}},
institution={Computer Group, ECE, University of Toronto},
year={2009}
}

@book{ptx1p4,
author={NVIDIA},
title={{NVIDIA} Compute {PTX}: Parallel Thread Execution},
edition={1st},
publisher={NVIDIA Corporation},
address={Santa Clara, California},
month=Oct,
year=2008
}

@inproceedings{ocelotptx,
author={Andrew Kerr and Gregory Diamos and Sudhakar Yalamanchili},
title={A characterization and analysis of PTX kernels},
booktitle={Proceedings of 2009 IEEE International Symposium on Workload Characterization (IISWC)},
pages={3-12},
year=2009 }

@ARTICLE{atlas_autotune,
AUTHOR         = "R. Clint Whaley and Antoine Petitet and Jack J. Dongarra",
TITLE          = "Automated Empirical Optimization of Software and the
                 {ATLAS} Project",
JOURNAL        = "Parallel Computing",
VOLUME         = "27",
NUMBER         = "1--2",
PAGES          = "3--35",
YEAR           = 2001}

@article{Dongarra:05,
  author = {James Demmel and Jack Dongarra and Viktor Eijkhout and Erika Fuentes and Antoine Petitet and Richard Vuduc and R. Clint Whaley and Katherine Yelick},
  date-added = {2009-02-26 18:20:30 -0500},
  date-modified = {2010-03-16 09:12:44 -0400},
  doi = {http://dx.doi.org/10.1109/JPROC.2004.840848},
  journal = {Proc.~IEEE},
  month = {February},
  number = {2},
  pages = {293--312},
  title = {Self-adapting linear algebra algorithms and software},
  volume = {93},
  year = {2005} }

@inproceedings{bilmes97optimizing,
 author = {Jeff Bilmes and Krste Asanovic and Chee-Whye Chin and Jim Demmel},
 title = {Optimizing matrix multiply using PHiPAC: a portable, high-performance, ANSI C coding methodology},
 booktitle = {ICS '97: Proceedings of the 11th international conference on Supercomputing},
 year = {1997},
 isbn = {0-89791-902-5},
 pages = {340--347},
 location = {Vienna, Austria},
 doi = {http://doi.acm.org/10.1145/263580.263662},
 publisher = {ACM},
 address = {New York, NY, USA},
 }

@incollection {auto09yinan,
   author = {Yinan Li and Jack Dongarra and Stanimire Tomov},
   affiliation = {University of Tennessee USA},
   title = {A Note on Auto-tuning {GEMM} for {GPU}s},
   booktitle = {Computational Science – ICCS 2009},
   series = {Lecture Notes in Computer Science},
   publisher = {Springer Berlin / Heidelberg},
   pages = {884-892},
   volume = {5544},
   year = {2009}
}

@inproceedings{nath10,
   author= {Rajib Nath and Stanimire Tomov and Jack J. Dongarra},
   title = {Accelerating {GPU} Kernels for Dense Linear Algebra},
   booktitle = {Proceedings of VECPAR'10},
   address = {Berkeley, CA},
   month={June 22-25},
   year=2010
}
 

@article{wolfe08,
   author= {Michael Wolfe},
   title = {Special-purpose hardware and algorithms for accelerating dense linear algebra},
   journal= {HPC Wire},
   month=10,
   note = {\url{http://www.hpcwire.com/features/33607434.html}},
   year=2008
}

@article{Weber,
  author = {Rick Weber and Akila Gothandaraman and Robert J. Hinde and Gregory D. Peterson},
  title = {Comparing Hardware Accelerators in Scientific Applications: A Case Study},
  journal ={IEEE Transactions on Parallel and Distributed Systems},
  volume = {99},
  number = {RapidPosts},
  issn = {1045-9219},
  year = {2010},
  doi = {http://doi.ieeecomputersociety.org/10.1109/TPDS.2010.125},
  publisher = {IEEE Computer Society},
  address = {Los Alamitos, CA, USA},
}

@inproceedings{Aminian:2006:CCM:1898699.1898845,
    author = {Aminian, Mehdi and Akbari, Mohammad K. and Javadi, Bahman},
    title = {Coordinated checkpoint from message payload in pessimistic sender-based message logging},
    booktitle = {Proceedings of the 20th international conference on Parallel and distributed processing},
    series = {IPDPS'06},
    year = {2006},
    isbn = {1-4244-0054-6},
    location = {Rhodes Island, Greece},
    pages = {312--312},
    numpages = {1},
    url = {http://portal.acm.org/citation.cfm?id=1898699.1898845},
    acmid = {1898845},
    publisher = {IEEE Computer Society},
    address = {Washington, DC, USA},
} 

@InProceedings{BLHBC04,
  author =       {Aur\'elien Bouteiller and Hinde-Lilia Bouziane and Pierre Lemarinier and Thomas Herault and Franck Cappello},
  title =        {Hybrid Preemptive Scheduling of {MPI} applications on the {Grids}},
  booktitle =    {5th IEEE/ACM International Workshop on Grid Computing (Grid 2004)},
  OPTpage =      {},
  year =         {2004},
  month =        {November},
  address =      {Pittsburgh USA},
  publisher =    {IEEE CS Press / ACM}
}

@inproceedings{BBLHC06,
  author = {Aur\'elien Bouteiller and Hinde-Lilia Bouziane and Pierre Lemarinier and Thomas Herault and Franck Cappello},
  title = {Hybrid Preemptive Scheduling of Message Passing Interface Applications on Grids}, 
  journal = {International Journal of High Performance Computing Applications}, 
  year = {2006},
  month = {Spring},
  volume = {20},
  pages = {77--90},
  publisher = {SAGE Publications}   
}

@InProceedings{SC02,
  author = 	 {George Bosilca and Aur\'elien Bouteiller and Franck Cappello and Samir Djilali and Gilles F\'edak and C\'ecile Germain and Thomas H\'erault and Pierre Lemarinier and Oleg Lodygensky and Fr\'ed\'eric Magniette and Vincent N\'eri and Anton Selikhov},
  title = 	 {{MPICH-V}: Toward a Scalable Fault Tolerant {MPI} for Volatile Nodes},
  booktitle = {High Performance Networking and Computing (SC2002)},
  year = 	 {2002},
  address = 	 {Baltimore USA},
  month = 	 {November},
  publisher = "IEEE/ACM"
}

@InProceedings{SC03,
  author = 	 {Aur\'elien Bouteiller and Franck Cappello and Thomas H\'erault and G\'eraud Krawezik and Pierre Lemarinier and Fr\'ed\'eric Magniette},
  title = 	 {{MPICH-V2}: a Fault Tolerant {MPI} for Volatile Nodes based on Pessimistic Sender Based Message Logging},
  booktitle = {High Performance Networking and Computing (SC2003)},
  year = 	 {2003},
  month = 	 {November},
  organization = {Phoenix USA},
  publisher= "IEEE/ACM"
}

@InProceedings{SC03Poster,
  author = 	 {Aur\'elien Bouteiller and Pierre Lemarinier and Franck Cappello},
  title = 	 {{MPICH-V3} preview: A hierarchical fault tolerant {MPI} for Multi-Cluster Grids},
  year = 	 {2003},
  booktitle = {IEEE/ACM High Performance Networking and Computing (SC 2003), poster session},
  address = 	 {Phoenix USA},
  month = 	 {November},
}

@InProceedings{BLKC03,
  author =       {Aur\'elien Bouteiller and Pierre Lemarinier and G\'eraud Krawezik and Franck Cappello},
  title =        {Coordinated checkpoint versus message log for fault tolerant {MPI}},
  booktitle = {IEEE International Conference on Cluster Computing},
  OPTpages =     {242-250},
  year =      {2003},
  month =     {December},
  publisher = {IEEE CS Press},
}

@Article{BLKC04,
  author =       {Aur\'elien Bouteiller and Pierre Lemarinier and G\'eraud Krawezik and Franck Cappello},
  title =        {Coordinated checkpoint versus message log for fault tolerant {MPI}},
  journal =      {International Journal of High Performance Computing and Networking (IJHPCN)},
  year =         {2004},
  OPTvolume =    {},
  number =    {3},
  OPTpages =     {},
  OPTmonth =     {September}
}

@InProceedings{BHLKC04,
  author =       {Pierre Lemarinier and Aur\'elien Bouteiller and Thomas Herault and  G\'eraud Krawezik and Franck Cappello},
  title =        "Improved Message logging versus Improved Coordinated Checkpointing for Fault Tolerant {MPI}",
  booktitle = {IEEE International Conference on Cluster Computing},
  publisher = {IEEE CS Press},
  year = "2004"
}

@inproceedings{1054444,
 author = {Aurelien Bouteiller and Boris Collin and Thomas Herault and Pierre Lemarinier and Franck Cappello},
 title = {Impact of Event Logger on Causal Message Logging Protocols for Fault Tolerant {MPI}},
 booktitle = {IPDPS '05: Proceedings of the 19th IEEE International Parallel and Distributed Processing Symposium (IPDPS'05) - Papers},
 year = {2005},
 isbn = {0-7695-2312-9},
 pages = {97},
 doi = {http://dx.doi.org/10.1109/IPDPS.2005.249},
 publisher = {IEEE Computer Society},
 address = {Washington, DC, USA}
 }
 
@inproceedings{BHKLC06,
  author = {Aurelien Bouteiller and Thomas Herault and Geraud Krawezik and Pierre Lemarinier and Franck Cappello},
  title = {{MPICH-V} Project: a Multiprotocol Automatic Fault Tolerant {MPI}},
  journal = {The International Journal of High Performance Computing Applications}, 
  year = {2006},
  month = {Summer},
  volume = {20},
  pages = {319--333},
  publisher = {SAGE Publications}
}

@phdthesis{B06,
  author = {Aurelien Bouteiller},
  title = {Tolérance automatique aux défaillances par points de reprise et retour en arrière dans les systèmes hautes performances à passage de messages},
  year = {2006},
  month = {October},
  school = {Université de Paris-Sud XI},
  order_no = {8449},
  publisher = {Imprimerie nationale},
  address = {Orsay, France}
}


@INPROCEEDINGS{Gao07group-basedcoordinated,
    author = {Qi Gao and Wei Huang and Matthew J. Koop and Dhabaleswar K. Panda},
    title = {Group-based coordinated checkpointing for mpi: A case study on infiniband},
    booktitle = {Parallel Processing, 2007. ICPP 2007. International Conference on},
    year = {2007}
}

@InProceedings{Chandy85,
  author = 	 {K. M. Chandy and L. Lamport},
  title = 	 {Distributed Snapshots : Determining Global States of Distributed Systems},
  booktitle = 	 {Transactions on Computer Systems},
  pages = 	 {63-75},
  year = 	 {1985},
  volume = 	 {3(1)},
  month = 	 {February},
  publisher = "ACM"
}


@InProceedings{AM95,
  author = 	 {L. Alvisi and K. Marzullo},
  title = 	 {Message Logging : Pessimistic, Optimistic, and Causal},
  booktitle = {Proceedings of the 15th International Conference on Distributed Computing Systems (ICDCS 1995)},
  pages = 	 {229-236},
  year = 	 {1995},
  month = "May-June",
  publisher = "IEEE CS Press"
  }
    
@inproceedings{RAV98,
      author = "Sriram Rao and Lorenzo Alvisi and Harrick M. Vin",
      title = "The Cost of Recovery in Message Logging Protocols",
      booktitle = "17th Symposium on Reliable Distributed Systems (SRDS)",
      pages = "10-18",
      year = "1998",
      month = "October",
      publisher = "IEEE CS Press"
}

@InProceedings{AERHM99,
    author = 	 {L. Alvisi and E. Elnozahy and S. Rao and S. A. Husain and A. D. Mel},
    title = 	 {An Analysis of Communication Induced Checkpointing},
    booktitle = {29th Symposium on Fault-Tolerant Computing (FTCS'99)},
    year = 	 {1999},
    month = 	 {june},
    publisher = "IEEE CS Press"
}

@article{HMR99,
   author = {Jean-Michel Hélary and Achour Mostefaoui and Michel Raynal},
   title = {Communication-Induced Determination  of Consistent Snapshots},
   journal = {IEEE Transactions on Parallel and Distributed Systems},
   volume = {10},
   number = {9},
   year = {1999},
   issn = {1045-9219},
   pages = {865--877},
   doi = {http://dx.doi.org/10.1109/71.798312},
   publisher = {IEEE Press},
   address = {Piscataway, NJ, USA}
}

@InProceedings{cluster09,
  author = 	 {Aurelien Bouteiller and Thomas Ropars and George Bosilca and Christine Morin and Jack Dongarra},
  title = 	 {Reasons to be Pessimist or Optimist for Failure Recovery in High Performance Clusters},
  booktitle = {Proceedings of the 2009 IEEE Cluster Conference},
  year = 	 {2009},
  editor = 	 {IEEE},
  noaddress =  {New Orleans, Louisiana, USA},
  month = 	 {Sept.},
}

@inproceedings{DBLP:conf/pvm/BosilcaBHLD10,
  author    = {George Bosilca and
               Aurelien Bouteiller and
               Thomas Herault and
               Pierre Lemarinier and
               Jack J. Dongarra},
  title     = {Dodging the Cost of Unavoidable Memory Copies in Message
               Logging Protocols},
  booktitle = {EuroMPI},
  year      = {2010},
  pages     = {189-197},
  ee        = {http://dx.doi.org/10.1007/978-3-642-15646-5_20},
  crossref  = {DBLP:conf/pvm/2010},
  bibsource = {DBLP, http://dblp.uni-trier.de}
}

@proceedings{DBLP:conf/pvm/2010,
  editor    = {Rainer Keller and
               Edgar Gabriel and
               Michael M. Resch and
               Jack Dongarra},
  title     = {Recent Advances in the Message Passing Interface - 17th
               European MPI Users' Group Meeting, EuroMPI 2010, Stuttgart,
               Germany, September 12-15, 2010. Proceedings},
  booktitle = {EuroMPI},
  publisher = {Springer},
  series    = {Lecture Notes in Computer Science},
  volume    = {6305},
  year      = {2010},
  isbn      = {978-3-642-15645-8},
  ee        = {http://dx.doi.org/10.1007/978-3-642-15646-5},
  bibsource = {DBLP, http://dblp.uni-trier.de}
}



@inproceedings{BBD08, 
	author = "Aurelien Bouteiller and George Bosilca and Jack Dongarra",
	title = "Redesigning the Message Logging Model for High Performance",
	booktitle = {Proceedings of the International Supercomputer Conference (ISC 2008)},
	journal = {Concurrency and Computation, Practice and Experience},
	address = {Dresden, Germany},
	publisher = {Wiley},
	month = {June},
	year = {2008}
}

@inproceedings{DBLP:conf/europar/BouteillerHBD11,
  author    = {Aurelien Bouteiller and
               Thomas Herault and
               George Bosilca and
               Jack J. Dongarra},
  title     = {Correlated Set Coordination in Fault Tolerant Message Logging
               Protocols},
  booktitle = {Proc. of Euro-Par'11 (II)},
  nomonth 	= {September},
  year      = {2011},
  pages     = {51-64},
  publisher = {Springer},
  series    = {LNCS},
  volume    = {6853},
  isbn      = {978-3-642-23396-8},
  doi       = {http://dx.doi.org/10.1007/978-3-642-23397-5_6},
}

@INPROCEEDINGS{6267924,
author={Guermouche, A. and Ropars, T. and Snir, M. and Cappello, F.},
booktitle={Parallel Distributed Processing Symposium (IPDPS), 2012 IEEE 26th International}, title={HydEE: Failure Containment without Event Logging for Large Scale Send-Deterministic MPI Applications},
year={2012},
month={may},
volume={},
number={},
pages={1216 -1227},
keywords={HydEE;MPICH2 library;application messages;concurrent failures;failure checkpointing protocols;failure containment;failure mean time;global restart;high-performance computing;hybrid fault tolerant protocols;hybrid rollback-recovery protocol;inter-cluster messages;large-scale send-deterministic MPI applications;memory occupation;message logging;message passing applications;application program interfaces;checkpointing;fault tolerant computing;message passing;parallel processing;protocols;},
doi={10.1109/IPDPS.2012.111},
ISSN={1530-2075},}


@inproceedings{MPI93,
 author = {{The MPI Forum}},
 title = {{MPI}: a Message Passing Interface},
 booktitle = {Supercomputing '93: Proceedings of the 1993 ACM/IEEE conference on Supercomputing},
 year = {1993},
 isbn = {0-8186-4340-4},
 pages = {878--883},
 location = {Portland, Oregon, United States},
 doi = {http://doi.acm.org/10.1145/169627.169855},
 publisher = {ACM Press},
 address = {New York, NY, USA}
}

@InProceedings{gabriel04:_open_mpi,
  author       = {Edgar Gabriel and Graham E. Fagg and George Bosilca
                  and Thara Angskun and Jack J. Dongarra and Jeffrey
                  M. Squyres and Vishal Sahay and Prabhanjan Kambadur
                  and Brian Barrett and Andrew Lumsdaine and Ralph
                  H. Castain and David J. Daniel and Richard L. Graham
                  and Timothy S. Woodall },
  title        = {Open {MPI}: Goals, Concept, and Design of a Next
                  Generation {MPI} Implementation},
  booktitle    = {Proceedings, 11th European PVM/MPI Users' Group
                  Meeting},
  year         = 2004,
  address      = {Budapest, Hungary},
  pages        = {97--104},
  month        = {September}
}

@article{359563,
  author =       {Leslie Lamport},
 title = {Time, clocks, and the ordering of events in a distributed system},
 journal = {Communications of the ACM},
 volume = {21},
 number = {7},
 year = {1978},
 issn = {0001-0782},
 pages = {558--565},
 doi = {http://doi.acm.org/10.1145/359545.359563},
 publisher = {ACM Press},
 address = {New York, NY, USA}
}

@article{IESP,
author = {Dongarra, J. and Beckman, P. and others}, 
title = {The International Exascale Software Roadmap},
journal = {IJHPCA}, 
volume = {25},
number = {11},
year = {2011},
issn = {1094-3420},
publisher = {Sage Publication},
pages = {3--60}
}

@INPROCEEDINGS{ho08scalable,
 author    = {Justin C. Y. Ho and Cho-Li Wang and Francis C. M. Lau},
 title     = {{Scalable Group-based Checkpoint/Restart for
               Large-Scale Message-Passing Systems}},
 booktitle = {Proceedings of the 22nd IEEE International Symposium
              on Parallel and Distributed Processing (IPDPS)},
 publisher = {IEEE},
 year      = {2008},
 pages     = {1-12},
 ee        = {http://dx.doi.org/10.1109/IPDPS.2008.4536302},}


@inproceedings{meneses10teamML,
 author = {Esteban Meneses, Celso L. Mendes and Laxmikant V. Kal\'{e}},
 title = {Team-based Message Logging: Preliminary Results},
 booktitle = {3rd Workshop on Resiliency in High Performance Computing (Resilience) in Clusters, Clouds, and Grids (CCGRID 2010).},
 year = {2010},
 month = {May},
 location = {Melbourne, Victoria, Australia}
}

@incollection{CharmEncyEntry10,
  author = "Laxmikant Kale",
  title = "{Charm++}",
  booktitle = "Encyclopedia of Parallel Computing (to appear)",
  publisher = "Springer Verlag",
  year = "2011",
  editor = "D. Padua",
}

@article{Petrini:2003:PEQ:640473.640508,
 author = {Petrini, Fabrizio and Frachtenberg, Eitan and Hoisie, Adolfy and Coll, Salvador},
 title = {Performance Evaluation of the Quadrics Interconnection Network},
 journal = {Cluster Computing},
 issue_date = {April 2003},
 volume = {6},
 number = {2},
 month = apr,
 year = {2003},
 issn = {1386-7857},
 pages = {125--142},
 numpages = {18},
 url = {http://dx.doi.org/10.1023/A:1022852505633},
 doi = {10.1023/A:1022852505633},
 acmid = {640508},
 publisher = {Kluwer Academic Publishers},
 address = {Hingham, MA, USA},
 keywords = {interconnection networks, operating system bypass, performance evaluation, user-level communication},
} 

@techreport{AMPIFlash10,
  author	= "Stas Negara and Kuo-Chuan Pan and Gengbin Zheng and Natasha Negara and Ralph E. Johnson and Laxmikant V. Kale and Paul M. Ricker",
  title		= "{Automatic MPI to AMPI Program Transformation}",
  year		= "2010",
  month		= "March",
  number	= "10-09",
  institution	= "Parallel Programming Laboratory"
}

@article{MPICHVblocking,
title = "Blocking vs. non-blocking coordinated checkpointing for large-scale fault tolerant {MPI} Protocols",
journal = "Future Generation Computer Systems",
volume = "24",
number = "1",
pages = "73 - 84",
year = "2008",
note = "",
issn = "0167-739X",
doi = "DOI: 10.1016/j.future.2007.02.002",
url = "http://www.sciencedirect.com/science/article/B6V06-4N2KT6H-1/2/00e790651475028977cc3031d9ea3980",
author = "Darius Buntinas and Camille Coti and Thomas Herault and Pierre Lemarinier and Laurence Pilard and Ala Rezmerita and Eric Rodriguez and Franck Cappello",
keywords = "Fault tolerant MPI",
keywords = "Performance evaluation",
keywords = "Coordinated checkpointing",
keywords = "Rollback/Recovery",
keywords = "Large-scale"
}

@PHDTHESIS{ plank93phdthesis,
 author    = {J. S. Plank},
 title     = {{Efficient Checkpointing on MIMD Architectures}},
 school    = {{Princeton University}},
 year      = {1993},
 month     = {jun},
 url       =
{http://www.cs.utk.edu/~plank/plank/papers/thesis.html},}

@article{Bouteiller10Redesign,
  author    = {Aurelien Bouteiller and
               George Bosilca and
               Jack Dongarra},
  title     = {Redesigning the message logging model for high performance},
  journal   = {Concurrency and Computation: Practice and Experience},
  volume    = {22},
  number    = {16},
  year      = {2010},
  pages     = {2196-2211},
  ee        = {http://dx.doi.org/10.1002/cpe.1589},
  bibsource = {DBLP, http://dblp.uni-trier.de}
}

@InProceedings{Hursey11MPI3FT,
  author =   {Joshua Hursey and Richard L. Graham and Greg Bronevetsky and Darius Buntinas and Howard Pritchard and David G. Solt},
  title =    {Run-Through Stabilization: An {MPI} Proposal for Process Fault Tolerance},
  booktitle =    {{EuroMPI} 2011: Proceedings of the 18th {EuroMPI} Conference},
  year =         2011,
  address =      {Santorini, Greece},
  month =        {September}
}

@InProceedings{Hursey11LogConsensus,
  author =   {Joshua Hursey and Thomas Naughton and Geoffroy Vallee and Richard L. Graham},
  title =    {A Log-Scaling Fault Tolerant Agreement Algorithm for a Fault Tolerant {MPI}},
  booktitle =    {{EuroMPI} 2011: Proceedings of the 18th {EuroMPI} Conference},
  year =         2011,
  address =      {Santorini, Greece},
  month =        {September}
}

@techreport{tonytransactions,
  author = {Anthony Skjellum}, 
  title = {Middle-out transactional requirements on exascale parallel middleware, storage, and services}, 
  year = {2012}, 
  number = {UABCIS-TR-2012-020312},
  institution = {University of Alabama at Birmingham, Computer and Information Sciences},
}

@INPROCEEDINGS{4228333,
author={Hursey, J. and Squyres, J.M. and Mattox, T.I. and Lumsdaine, A.},
booktitle={Parallel and Distributed Processing Symposium, 2007. IPDPS 2007. IEEE International}, title={The Design and Implementation of Checkpoint/Restart Process Fault Tolerance for Open MPI},
year={2007},
month={march},
volume={},
number={},
pages={1 -8},
keywords={Open MPI;checkpoint-restart process fault tolerance;modular component architecture;production quality MPI;system software;application program interfaces;checkpointing;message passing;software architecture;software fault tolerance;software portability;},
doi={10.1109/IPDPS.2007.370605},
ISSN={},}

@article{uncoordinated,
 author = {Elnozahy, E. N. (Mootaz) and Alvisi, Lorenzo and Wang, Yi-Min and Johnson, David B.},
 title = {A survey of rollback-recovery protocols in message-passing systems},
 journal = {ACM Computing Survey},
 volume = {34},
 issue = {3},
 year = {2002},
 pages = {375--408}
} 




@article{Gibson,
 author = {Schroeder, Bianca and Gibson, Garth A},
 title = {Understanding Failures in Petascale Computers},
 journal = {Journal of Physics: Conference Series},
 volume = {78},
 number = {012022},
 year = {2007},
 doi = {http://www.iop.org/EJ/abstract/1742-6596/78/1/012022},
 publisher = {Institute of Physics and IOP Publishing Limited},
 }



@InProceedings{SY85,
  author = 	 { E. Strom and S. Yemini},
  title = 	 {Optimistic Recovery in Distributed Systems},
  booktitle = 	 {Transactions on Computer Systems},
  pages = 	 {204-226},
  year = 	 {1985},
  volume = 	 {3(3)},
  month = 	 {August},
  publisher = {ACM},
 }


@techreport{Duell:tr,
    author = {Duell, Jason},
    title = {{The Design and Implementation of Berkeley Lab's Linux
        Checkpoint/Restart}},
    year = {2002},
    number = {LBNL-54941},
    month = {December}
}

@incollection{Bland:2012tw,
    author = {Bland, Wesley and Du, Peng and Bouteiller, Aurelien and Herault,
        Thomas and Bosilca, George and Dongarra, Jack J.},
    title = {{A Checkpoint-on-Failure protocol for algorithm-based recovery in
        standard MPI}},
    booktitle = {18th Euro-Par},
    year = {2012},
    publisher = {Springer},
    address = {Rhodes Island, Greece},
    month = aug
}

@inproceedings{Ferreira:2011fb,
    author = {Ferreira, K and Stearley, J and Laros, J.H and Oldfield, R and
        Pedretti, K and Brightwell, R and Riesen, R and Bridges, P.G and Arnold,
        D},
    title = {{Evaluating the viability of process replication reliability for
        exascale systems}},
    booktitle = {High Performance Computing, Networking, Storage and Analysis
        (SC), 2011 International Conference for},
    year = {2011},
    pages = {1--12},
    publisher = { ACM  Request Permissions}
}



@inproceedings{bertier2003performance,
    title={Performance analysis of a hierarchical failure detector},
    author={Bertier, M. and Marin, O. and Sens, P. and others},
    booktitle={Proceedings of the International Conference on Dependable Systems and Networks},
    pages={635--644},
    year={2003}
}

@article{Chandra:1996p5068,
    author = {Chandra, Tushar Deepak and Toueg, Sam},
    title = {{Unreliable failure detectors for reliable distributed systems}},
    journal = {Journal of the ACM (JACM)},
    year = {1996},
    volume = {43},
    number = {2},
    month = mar
}


@inproceedings{Silva:1998:SVU:829523.830990,
 author = {Silva, L. M. and Silva, J. G.},
 title = {System-Level Versus User-Defined Checkpointing},
 booktitle = {Proceedings of the The 17th IEEE Symposium on Reliable Distributed Systems},
 series = {SRDS '98},
 year = {1998},
 isbn = {0-8186-9218-9},
 pages = {68--},
 url = {http://dl.acm.org/citation.cfm?id=829523.830990},
 acmid = {830990},
 publisher = {IEEE Computer Society},
 address = {Washington, DC, USA},
} 

@incollection{Bland:2012tp,
    author = {Bland, Wesley and Bouteiller, Aurelien and Herault, Thomas and
        Hursey, Joshua and Bosilca, George and Dongarra, Jack J.},
    title = {{An Evaluation of User-Level Failure Mitigation Support in MPI}},
    booktitle = {19th EuroMPI},
    year = {2012},
    editor = {Tr{\"a}ff, Jesper Larsson and Benkner, Siegfried and Dongarra,
        Jack},
    publisher = {Springer},
    address = {Vienna, Austria},
    month = sep
}

@incollection{Hursey-log-agreement,
    year={2011},
    isbn={978-3-642-24448-3},
    booktitle={Recent Advances in the Message Passing Interface},
    volume={6960},
    series={Lecture Notes in Computer Science},
    editor={Cotronis, Yiannis and Danalis, Anthony and Nikolopoulos, Dimitrios S.
        and Dongarra, Jack},
    title={A Log-Scaling Fault Tolerant Agreement Algorithm for a Fault Tolerant
        {MPI}},
    publisher={Springer Berlin Heidelberg},
    keywords={MPI; Fault Tolerance; Agreement Protocol; Run-through
        Stabilization; Algorithm Based Fault Tolerance},
    author={Hursey, Joshua and Naughton, Thomas and Vallee, Geoffroy and Graham,
        Richard L.},
    pages={255-263}
}

@article{Choi:1996wy,
author = {Choi, Jaeyoung and Demmel, James and Dhillon, Inderjiit and Dongarra, Jack and Ostrouchov, Susan and Petitet, Antoine and Stanley, Ken and Walker, David and Whaley, R Clinton},
title = {{ScaLAPACK: A portable linear algebra library for distributed memory computers---Design issues and performance}},
journal = {Computer physics communications},
year = {1996},
volume = {97},
number = {1},
pages = {1--15}
}

@techreport{Dongarra:1991vn,
author = {Dongarra, Jack J. and Geijn, Robert A},
title = {{Two Dimensional Basic Linear Algebra Communication Subprograms}},
year = {1991},
number = {UT CS-91-138},
address = {Knoxville, TN},
month = oct,
institution={Computer Science Department, University of Tennessee},
}

@techreport{Dongarra:1995uu,
author = {Dongarra, Jack J. and Whaley, R C},
title = {{A User's Guide to the BLACS v1.0}},
year = {1995},
number = {UT CS-95-281},
address = {Knoxville, TN},
month = mar,
institution={Computer Science Department, University of Tennessee},
}

@inproceedings{Anderson:1990th,
author = {Anderson, E and Bai, Z and DONGARRA, J and Greenbaum, A and McKenney, A and Du Croz, J and Hammerling, S and Demmel, J and Bischof, C and Sorensen, D},
title = {{LAPACK: a portable linear algebra library for high-performance computers}},
booktitle = {Supercomputing '90: Proceedings of the 1990 ACM/IEEE conference on Supercomputing},
year = {1990},
publisher = { IEEE Computer Society Press},
month = oct
}

@article{Gabriel:2004ub,
author = {Gabriel, Edgar and Fagg, Graham and Bosilca, George and Angskun, Thara and Dongarra, Jack and Squyres, Jeffrey and Sahay, Vishal and Kambadur, Prabhanjan and Barrett, Brian and Lumsdaine, Andrew},
title = {{Open MPI: Goals, concept, and design of a next generation MPI implementation}},
journal = {Recent Advances in Parallel Virtual Machine and Message Passing Interface},
year = {2004},
pages = {353--377}
}

@techreport{Bridges:1995tr,
author = {Bridges, Patrick and Doss, Nathan and Gropp, William and Karrels, Edward and Lusk, Ewing and Skjellum, Anthony},
title = {{Users' Guide to mpich, a Portable Implementation of MPI}},
year = {1995},
address = {Chicago, IL},
institution={Mathematics and Computer Science Division, Argonne National Laboratory},
}

@techreport{gropp2005mpich2,
  title={MPICH2 user’s guide},
  author={Gropp, William and Lusk, Ewing and Ashton, David and Buntinas, Darius and Butler, Ralph and Chan, Anthony and Ross, Rob and Thakur, Rajeev and Toonen, Brian},
  institution={Mathematics and Computer Science Division, Argonne National Laboratory},
  year={2005}
}

@ONLINE{mpich,
	title = {{MPICH}},
	url = {http://www.mpich.org}
}

@ONLINE{openmpi,
	title = {{Open MPI}},
	url = {http://www.open-mpi.org/}
}

@ONLINE{mvapich2,
	title = {{MVAPICH2}},
	url = {http://mvapich.cse.ohio-state.edu/overview/mvapich2/}
}

@ONLINE{Nov12Top500,
	title = {{November, 2012 Top500 List}},
	url = {http://www.top500.org/lists/2012/11/}
}

@ONLINE{June11Top500,
	title = {{June, 2011 Top500 List}},
	url = {http://www.top500.org/lists/2011/06/}
}

@ONLINE{IMB,
	title = {{Intel MPI Benchmarks}},
	url = {http://software.intel.com/en-us/articles/intel-mpi-benchmarks}
}

@ONLINE{netpipe,
	title = {{NetPIPE}},
	url = {http://www.scl.ameslab.gov/netpipe/}
}

@ONLINE{sequoiaAMG,
	title = {{Sequoia AMG Benchmarks}},
	url = {https://asc.llnl.gov/sequoia/benchmarks/}
}

@ONLINE{GA,
	title = {{Global Arrays}},
	url = {http://www.emsl.pnl.gov/docs/global/armci/}
}

@article{Huang:cr,
author = {Huang, W and Santhanaraman, G and Jin, H W and Gao, Q and Panda, D K},
title = {{Design of High Performance MVAPICH2: MPI2 over InfiniBand}},
journal = {Cluster Computing and the Grid, 2006. CCGRID 06. Sixth IEEE International Symposium on},
volume = {1}
}

@inproceedings{Kale93charm++:a,
author = {Kale, Laxmikant V and Krishnan, Sanjeev},
title = {{CHARM++: A Portable Concurrent Object Oriented System Based On C++}},
booktitle = {In Proceedings of the Conference on Object Oriented Programming Systems, Languages and Applicaions},
year = {1993},
pages = {91--108}
}

@inproceedings{Callahan:2004dg,
author = {Callahan, D and Chamberlain, B L and Zima, H P},
title = {{The cascade high productivity language}},
booktitle = {High-Level Parallel Programming Models and Supportive Environments, 2004. Proceedings. Ninth International Workshop on},
year = {2004},
pages = {52--60}
}

@inproceedings{Plank:1995wz,
author = {Plank, James S. and Beck, Micah and Kingsley, Gerry and Li, Kai},
title = {{Libckpt: Transparent checkpointing under Unix}},
booktitle = {TCON'95: Proceedings of the USENIX 1995 Technical Conference Proceedings},
year = {1995},
publisher = { USENIX Association},
month = jan
}

@article{Plank:1995hv,
author = {Plank, J.S and Kim, Youngbae and Dongarra, J.J},
title = {{Algorithm-based diskless checkpointing for fault tolerant matrix operations}},
journal = {Fault-Tolerant Computing, 1995. FTCS-25. Digest of Papers., Twenty-Fifth International Symposium on},
year = {1995},
pages = {351--360}
}

@inproceedings{Litzkow:1992ve,
author = {Litzkow, Michael and Solomon, Marvin},
title = {{Supporting checkpointing and process migration outside the UNIX kernel}},
booktitle = {Usenix Winter Conference},
year = {1992},
publisher = {Citeseer},
address = {San Francisco, CA}
}

@techreport{Litzkow:1997wda,
author = {Litzkow, Michael and Tannenbaum, Todd and Basney, Jim and Livny, Miron},
title = {{Checkpoint and migration of UNIX processes in the Condor distributed processing system}},
year = {1997},
number = {1346},
month = apr
}

@article{Wang:1995gn,
author = {Wang, Yi-Min and Huang, Yennun and Vo, Kiem-Phong and Chung, {Pe-Yu} and Kintala, C},
title = {{Checkpointing and its applications}},
journal = {Fault-Tolerant Computing, 1995. FTCS-25. Digest of Papers., Twenty-Fifth International Symposium on},
year = {1995},
pages = {22--31}
}

@inproceedings{Takahashi:2000uk,
author = {Takahashi, Toshiyuki and Sumimoto, Shinji and Hori, Atsushi and Harada, Hiroshi and Ishikawa, Yutaka},
title = {{PM2: a high performance communication middleware for heterogeneous network environments}},
booktitle = {Supercomputing '00: Proceedings of the 2000 ACM/IEEE conference on Supercomputing},
year = {2000},
publisher = { IEEE Computer Society},
month = nov
}

@article{Huang:1984kt,
author = {Huang, Kuang-Hua and Abraham, J.A},
title = {{Algorithm-Based Fault Tolerance for Matrix Operations}},
journal = {IEEE Transactions on Computers},
year = {1984},
number = {6},
pages = {518--528}
}

@article{Thain:2005wz,
author = {Thain, Douglas and Tannenbaum, Todd and Livny, Miron},
title = {{Distributed computing in practice: The Condor experience}},
journal = {Concurrency and Computation: Practice and Experience},
year = {2005},
volume = {17},
number = {2‐4},
pages = {323--356}
}
@article{Bernstein:1981ut,
author = {Bernstein, Philip A and Goodman, Nathan},
title = {{Concurrency control in distributed database systems}},
journal = {ACM Computing Surveys (CSUR)},
year = {1981},
volume = {13},
number = {2},
pages = {185--221}
}

@inproceedings{Herlihy:ug,
author = {Herlihy, M and Eliot, J and Moss, B},
title = {{Transactional Memory: Architectural Support For Lock-free Data Structures}},
booktitle = {Computer Architecture, 1993., Proceedings of the 20th Annual International Symposium on}
}

@article{Batchu:2004wm,
author = {Batchu, Rajanikanth and Dandass, Yoginder S and Skjellum, Anthony and Beddhu, Murali},
title = {{MPI/FT: a model-based approach to low-overhead fault tolerant message-passing middleware}},
journal = {Cluster Computing},
year = {2004},
volume = {7},
number = {4},
pages = {303--315}
}

%% Created using Papers on Sun, 17 Feb 2013.
%% http://mekentosj.com/papers/

@article{Rao:1999us,
author = {Rao, Sriram and Alvisi, Lorenzo and Vin, Harrick M},
title = {{Egida: An extensible toolkit for low-overhead fault-tolerance}},
journal = {Fault-Tolerant Computing, 1999. Digest of Papers. Twenty-Ninth Annual International Symposium on},
year = {1999},
pages = {48--55}
}

@article{Agbaria:1999th,
author = {Agbaria, Adnan M and Friedman, Roy},
title = {{Starfish: Fault-tolerant dynamic MPI programs on clusters of workstations}},
journal = {High Performance Distributed Computing, 1999. Proceedings. The Eighth International Symposium on},
year = {1999},
pages = {167--176}
}

@inproceedings{Bosilca:vy,
author = {Bosilca, G and Bouteiller, A and Cappello, F and Djilali, S and Fedak, G and Germain, C and Herault, T and Lemarinier, P and Lodygensky, O and Magniette, F and Neri, V and Selikhov, A Supercomputing ACM IEEE 2002 Conference},
title = {{MPICH-V: Toward a Scalable Fault Tolerant MPI for Volatile Nodes}},
booktitle = {Supercomputing, ACM/IEEE 2002 Conference}
}

@article{Hursey:2007wp,
author = {Hursey, Joshua and Squyres, Jeffrey M. and Mattox, Timothy I and Lumsdaine, Andrew},
title = {{The design and implementation of checkpoint/restart process fault tolerance for Open MPI}},
journal = {International Parallel and Distributed Processing Symposium (IPDPS 2007)},
year = {2007},
pages = {1--8}
}

@article{Walters:gd,
author = {Walters, J P and Chaudhary, V},
title = {{Replication-Based Fault Tolerance for MPI Applications}},
journal = {IEEE Transactions on Parallel and Distributed Systems},
volume = {20},
number = {7},
pages = {997--1010}
}

@article{Chakravorty:2006tj,
author = {Chakravorty, Sayantan and Mendes, Celso and Kal{\'e}, Laxmikant},
title = {{Proactive fault tolerance in MPI applications via task migration}},
journal = {High Performance Computing-HiPC 2006},
year = {2006},
pages = {485--496}
}

@article{Fagg:2001wk,
author = {Fagg, Graham E and Bukovsky, Antonin and Dongarra, Jack J.},
title = {{HARNESS and fault tolerant MPI}},
journal = {Parallel Computing},
year = {2001},
volume = {27},
number = {11},
pages = {1479--1495}
}

@article{Sankaran:2005el,
author = {Sankaran, S},
title = {{The LAM/MPI Checkpoint/Restart Framework: System-Initiated Checkpointing}},
journal = {International Journal of High Performance Computing Applications},
year = {2005},
volume = {19},
number = {4},
pages = {479--493},
month = nov
}

@article{Louca:2000td,
author = {Louca, Soulla and Neophytou, Neophytos and Lachanas, Adrianos and Evripidou, Paraskevas},
title = {{MPI-FT: Portable fault tolerance scheme for MPI}},
journal = {Parallel Processing Letters},
year = {2000},
volume = {10},
number = {04},
pages = {371--382}
}

@inproceedings{Chen:2005ux,
author = {Chen, Zizhong and Fagg, Graham E and Gabriel, Edgar and Langou, Julien and Angskun, Thara and Bosilca, George and Dongarra, Jack},
title = {{Building fault survivable MPI programs with FT-MPI using diskless checkpointing}},
booktitle = {Proceedings for ACM SIGPLAN Symposium on Principles and Practice of Parallel Programming},
year = {2005},
pages = {213--223}
}

@article{Bouteiller:2010vo,
author = {Bouteiller, Aurelien and Bosilca, George and Dongarra, Jack},
title = {{Redesigning the message logging model for high performance}},
journal = {Concurrency and Computation: Practice and Experience},
year = {2010},
volume = {22},
number = {16},
pages = {2196--2211}
}

@article{Schroeder:2007tp,
author = {Schroeder, Bianca and Gibson, Garth A},
title = {{Understanding Failures in Petascale Computers}},
journal = {SciDAC, Journal of Physics: Conference Series},
year = {2007},
volume = {78}
}

@article{Cappello:2009hs,
author = {Cappello, F and Geist, A and Gropp, B and Kale, L and Kramer, B and Snir, M},
title = {{Toward Exascale Resilience}},
journal = {International Journal of High Performance Computing Applications},
year = {2009},
volume = {23},
number = {4},
pages = {374--388},
month = oct
}

@article{Cappello:2009dd,
author = {Cappello, F},
title = {{Fault Tolerance in Petascale/ Exascale Systems: Current Knowledge, Challenges and Research Opportunities}},
journal = {International Journal of High Performance Computing Applications},
year = {2009},
volume = {23},
number = {3},
pages = {212--226},
month = jul
}

@article{Kulkarni:2000wk,
author = {Kulkarni, Sandeep and Arora, Anish},
title = {{Automating the addition of fault-tolerance}},
journal = {Formal Techniques in Real-Time and Fault-Tolerant Systems},
year = {2000},
pages = {339--359}
}

@InProceedings{burns94:lam,
  author       = {Greg Burns and Raja Daoud and James Vaigl},
  title        = {{LAM}: {A}n {O}pen {C}luster {E}nvironment for {MPI}},
  booktitle    = {Proceedings of Supercomputing Symposium},
  pages        = {379--386},
  year         = {1994}
}

@InProceedings{squyres03:compon-archit-lam-mpi,
  author =       {Jeffrey M.\ Squyres and Andrew Lumsdaine},
  title =        {{A Component Architecture for LAM/MPI}},
  booktitle =    {Proceedings, 10th European PVM/MPI Users' Group Meeting},
  pages =        {379-387},
  year =         {2003},
  address =      {Venice, Italy},
  publisher =    {Springer-Verlag},
  series =       {Lecture Notes in Computer Science},
  number =       {2840},
  month =        {September / October}
}

@inproceedings{AmpiIPDPS00,
  author = {Milind Bhandarkar and L. V. Kale and Eric de Sturler and Jay Hoeflinger},
  title = {Object-Based Adaptive Load Balancing for {MPI} Programs},
  booktitle = {Proceedings of the International Conference on Computational Science, San Francisco, CA, LNCS 2074},
  year = {2001},
  month = {May},
  pages = {108-117}
}

@article{Sunderam:1990tk,
author = {Sunderam, Vaidy S},
title = {{PVM: A framework for parallel distributed computing}},
journal = {Concurrency: practice and experience},
year = {1990},
volume = {2},
number = {4},
pages = {315--339},
month = dec
}

@techreport{Carlson:1999uf,
author = {Carlson, William W and Draper, Jesse M and Culler, David E and Yelick, Kathy and Brooks, Eugene and Warren, Karen},
title = {{Introduction to UPC and language specification}},
year = {1999},
number = {CCS-TR-99-157},
month = may
}

@article{Ferreira:2011wg,
author = {Ferreira, Kurt and Stearley, Jon and Laros, III, James H and Oldfield, Ron and Pedretti, Kevin and Brightwell, Ron and Riesen, Rolf and Bridges, Patrick G and Arnold, Dorian},
title = {{Evaluating the viability of process replication reliability for exascale systems}},
year = {2011},
pages = {44}
}

@techreport{BougeretLAWN265,
author = {Bougeret, Marin and Casanova, Henri and Robert, Yves and Vivien, Fr{\'e}d{\'e}ric and Zaidouni, Dounia},
title = {{Using group replication for resilience on exascale systems}},
year = {2012},
number = {265},
month = feb
}

@techreport{BosilcaINRIARep7950,
author = {Bosilca, George and Bouteiller, Aurelien and Brunet, {\'E}lisabeth and Cappello, Franck and Dongarra, Jack and Guermouche, Amina and Herault, Thomas and Robert, Yves and Vivien, Fr{\'e}d{\'e}ric and Zaidouni, Dounia},
institution = {Innovative Computing Laboratory, D{\'e}partement Informatique, GRAND-LARGE - INRIA Saclay - Ile de France, Joint Laboratory for Petascale Computing, Laboratoire de Recherche en Informatique, ROMA - ENS Lyon / CNRS / Inria Grenoble Rh{\^o}ne-Alpes, Laboratoire de l'Informatique du Parall{\'e}lisme},
title = {{Unified Model for Assessing Checkpointing Protocols at Extreme-Scale}},
year = {2012},
number = {RR-7950},
month = may

}

@techreport{Dongarra:1997wc,
author = {Dongarra, Jack J. and Whaley, R Clint},
title = {{A User's Guide to the BLACS v1. 1}},
year = {1997},
number = {UT-CS-95-281}
}

@TECHREPORT{Richardson96highperformance,
    author = {Harvey Richardson},
    title = {High Performance Fortran: history, overview and current developments},
    institution = {1.4 TMC-261, Thinking Machines Corporation},
    year = {1996}
}

@article{Nieplocha:2006vh,
author = {Nieplocha, Jarek and Palmer, Bruce and Tipparaju, Vinod and Krishnan, Manojkumar and Trease, Harold and Apr{\`a}, Edoardo},
title = {{Advances, applications and performance of the global arrays shared memory programming toolkit}},
journal = {International Journal of High Performance Computing Applications},
year = {2006},
volume = {20},
number = {2},
pages = {203--231}
}

@article{Ruscio:2007wm,
author = {Ruscio, Joseph F and Heffner, Michael A and Varadarajan, Srinidhi},
title = {{Dejavu: Transparent user-level checkpointing, migration, and recovery for distributed systems}},
journal = {IEEE International Parallel and Distributed Processing Symposium, 2007. IPDPS 2007.},
year = {2007},
pages = {1--10}
}

@article{Fischer:1985tt,
author = {Fischer, MJ and Lynch, NA},
title = {{Impossibility of distributed consensus with one faulty process}},
journal = {Journal of the ACM (JACM)},
year = {1985}
}

